3750 5492
823 690 1002 736 Appnunix.
1464 681 1526 739 165

345 860 504 935 Hesychii
525 861 640 921 verba:
662 859 811 937 τρόφιμον
829 860 967 928 (herilem
977 860 1091 934 filium)
1109 860 1359 940 <Μὲν>6νδρος
1374 863 1529 945 Δακτυλίῳ

301 973 360 1042 (616
378 973 558 1048 1666616111,
580 972 620 1032 61.
641 972 756 1033 Nauck
776 972 848 1033 Mei.
870 973 923 1033 Gr.
944 973 982 1034 R.
997 973 1041 1032 Vl
1053 991 1083 1049 p.
1101 975 1174 1045 109)
1187 975 1328 1036 libenter
1339 975 1526 1037 rettulerim

300 1087 340 1146 ad
372 1083 520 1147 nostram
550 1086 713 1162 fabulam,
734 1102 779 1146 ·1n
811 1102 876 1159 qua
900 1089 933 1147 et
957 1087 1113 1161 frequens
1138 1090 1282 1150 nominis
1306 1090 1455 1168 τροφίμου
1479 1091 1530 1150 661
1599 1070 1602 1076 ’

300 1215 382 1260 6666
412 1200 464 1270 (61.
490 1217 539 1260 vs.
567 1202 641 1270 160)
665 1204 700 1260 et
726 1201 844 1260 anulus
872 1199 1526 1278 61116116111616361116.1616616τὶ616

300 1316 412 1376 tamen
443 1315 542 1376 fuerit
573 1315 770 1376 contendere
795 1316 860 1376 duo
884 1317 983 1376 unius
1007 1317 1140 1376 fabulae
1164 1319 1267 1379 fuisse
1291 1319 1426 1380 nomina
1444 1314 1528 1376 Ἐπι-

300 1424 464 1506 τρέποντας
499 1430 532 1488 61
567 1428 747 1504 Δακτύλων,
778 1430 938 1503 quoniam
974 1445 1016 1490 ex
1050 1431 1161 1491 Anulo
1195 1431 1308 1493 fabula
1341 1434 1443 1493 etiam
1474 1433 1529 1493 alii

301 1557 420 1602 versus
451 1541 635 1601 afferuntur
666 1542 801 1615 quidam
832 1543 917 1617 apud
942 1544 1090 1619 veterae,
1116 1545 1171 1618 qui
1194 1547 1227 1604 in
1250 1545 1347 1606 novis
1370 1546 1527 1621 11161166-

301 1655 423 1715 mentis
446 1670 511 1715 non
535 1655 764 1715 inveniuntur.

346 1905 450 1997 Hane
474 1903 621 1963 fabulam
659 1905 691 1964 et
726 1904 782 1964 alii
808 1908 1028 1979 respexerunt
1058 1906 1146 1965 inter
1177 1909 1307 1967 veteres
1336 1908 1527 1983 scriptores,

301 2034 383 2092 quos
412 2019 573 2079 indicavit
603 2019 710 2094 Kock,
734 2023 777 2079 et
807 2019 979 2079 Oboricius
1003 2021 1097 2094 Apol.
1123 2021 1224 2096 Mim.,
1249 2021 1344 2081 ouius
1364 2022 1465 2083 verba
1487 2021 1528 2082 ad

294 2126 528 2210 Ὑποβολιμαὶον
552 2132 669 2191 attulit
691 2132 783 2192 Kock
807 2133 901 2201 (Men.
926 2132 965 2192 fr.
990 2134 1077 2202 494).

345 2382 482 2441 Frustra
513 2382 652 2441 conatus
684 2394 759 2439 sum
791 2379 867 2439 huic
895 2380 1028 2440 fabulae
1059 2382 1216 2457 adaptare
1248 2383 1417 2443 Menandri
1444 2383 1527 2457 frag·

300 2497 465 2570 mentum,
491 2494 575 2568 quod
599 2494 727 2568 primus
750 2492 852 2552 edidit
875 2493 977 2553 Cobet
1000 2495 1034 2554 in
1055 2496 1213 2556 Mnemos
1238 2497 1322 2557 1876
1344 2501 1396 2566 (=
1414 2497 1526 2571 adesp.

299 2608 338 2668 fr.
373 2605 671 2684 114-1-Μ666611.
703 2603 947 2682 530-1-66666.
982 2609 1056 2684 105,
1089 2610 1137 2669 616
1167 2609 1321 2669 videlicet
1352 2625 1371 2669 a
1401 2609 1526 2670 Kookio

227 2786 231 2792 ,
300 2737 472 2797 perperam
503 2721 656 2796 divulsa),
689 2721 763 2780 dein
787 2721 954 2782 Iernstedt
973 2737 1058 2782 anno
1085 2724 1168 2782 1891
1194 2724 1227 2782 in
1252 2723 1380 2783 observ,
1405 2723 1470 2797 pai.
1495 2726 1528 2783 et

299 2836 380 2912 phil.
411 2837 451 2895 ad
474 2836 514 2899 fr.
538 2851 622 2896 corn.
647 2836 716 2894 Att.
741 2836 879 2904 (russiae
902 2836 1048 2910 scriptis)
1072 2852 1102 2911 p.
1128 2837 1169 2896 54
1194 2851 1264 2910 sqq.
1290 2838 1324 2897 61
1350 2838 1411 2897 175
1437 2853 1525 2911 666.;

299 2951 352 3010 hio
379 2952 493 3010 tamen
523 2950 685 3009 excudere
718 2949 828 3008 visum
864 2951 929 3023 est,
965 2951 1142 3023 postquam
1175 2948 1289 3010 060611
1319 2950 1527 3023 aliorumque

244 3071 260 3095 *
301 3066 334 3123 61
364 3064 449 3123 meis
479 3063 583 3137 ipsius
614 3062 812 3123 coniecturis
844 3077 924 3122 usus
955 3076 1062 3153 quam.
1087 3067 1238 3137 poteram
1262 3063 1528 3138 probabilissime

300 3177 469 3237 constitui.
504 3176 589 3236 Nam
624 3177 664 3235 ad
701 3175 956 3250 Superstitioaum
990 3176 1137 3236 fabulam
1168 3179 1253 3250 quod
1286 3176 1415 3238 rettulit
1447 3178 1528 3236 baeu

301 3289 413 3365 Cobet,
439 3290 628 3350 coniectura
651 3292 705 3349 est
727 3291 868 3349 minime
892 3292 982 3350 certa
1007 3286 1038 3359 ¹).

345 3403 552 3477 0611666166]
578 3407 631 3463 est
653 3404 741 3463 servi
765 3402 905 3462 alicuius
929 3418 1006 3463 cum
1030 3401 1098 3463 11116
1121 3403 1226 3464 herili.

805 3641 1020 3700 ΘΕΡΑΠΩΝ.

482 3791 561 3830 ..ατ
575 3814 717 3831 .......
748 3802 784 3810 -
812 3801 851 3810 -
877 3802 919 3809 -
947 3801 986 3810 -
1015 3766 1167 3844 [τήμερον]

479 3892 542 3954 πῶς
566 3882 642 3942 εἰσιν
666 3882 698 3941 οἱ
720 3879 812 3961 πυροὶ
837 3876 917 3960 [παρ’
944 3877 1017 3958 ἡμῖν
1042 3879 1154 3952 ὥνιοις]

335 4093 359 4148 2,
382 4092 406 4147 5,
431 4095 469 4137 11.
493 4094 631 4150 Supplevit
654 4090 745 4152 Cobet,
761 4093 824 4138 item
845 4093 944 4137 15—17
964 4091 1022 4136 6611.
1041 4091 1120 4136 Maro.
1138 4093 1196 4136 Ant.
1215 4092 1238 4150 5,
1258 4091 1297 4145 12,
1316 4092 1379 4136 item
1398 4091 1529 4136 25-316

300 4169 426 4217 Clemout.
450 4171 513 4228 1.1.;
537 4171 582 4217 ubi
602 4172 707 4217 codices
731 4185 768 4218 vs.
792 4173 823 4217 25
847 4185 886 4230 sq.
904 4171 1139 4229 11611661φιλιάζειν,
1158 4170 1264 4216 Grotius
1282 4167 1309 4214 id
1327 4166 1461 4228 supplerit
1478 4165 1529 4239 sio:

301 4251 396 4304 Φειδία,
411 4250 415 4310 Ι
431 4254 512 4310 ζητεῖν,
529 4251 651 4309 equidem
669 4248 787 4312 *obitura
804 4249 808 4315 Ι
824 4255 896 4312 §quir
914 4250 974 4296 dedi
993 4249 1089 4308 potius.

307 4425 522 4434 ——--

335 4541 356 4602 l)
373 4545 414 4590 Ita
439 4542 571 4589 statuendi
598 4542 696 4588 Cobeto
719 4542 784 4588 bueo
810 4542 861 4587 1611
885 4553 972 4596 eausa,
998 4539 1067 4596 quod
1100 4539 1219 4585 Glemona
1248 4538 1333 4583 looum
1359 4536 1489 4595 quendam
1516 4550 1530 4582 6

302 4609 491 4670 Superstitioso
515 4610 613 4665 fabula,
637 4614 664 4657 et
688 4623 755 4669 mox,
778 4609 870 4667 pauoia
892 4606 1066 4667 interpositis,
1088 4607 1170 4652 nostri
1194 4605 1335 4663 fragmenti
1357 4617 1393 4651 vs.
1418 4605 1450 4650 25
1473 4617 1531 4662 sqq.

302 4677 392 4726 attulit
414 4680 520 4738 (Strom.
545 4679 593 4724 VII
615 4681 629 4723 4
654 4679 668 4737 ξ
690 4679 720 4722 ii
739 4680 764 4721 et
783 4674 835 4739 27).
853 4676 983 4734 Equidem
1002 4675 1034 4721 ad
1054 4672 1529 4721 0111616166161616616161666616

303 4761 360 4795 esse
377 4747 427 4794 hoo
445 4747 621 4806 fragmentum
640 4745 766 4804 suspicor.
