3750 5492
810 671 1048 717 OIRCUMTONSA.

864 842 1003 902 ΔΩΡΙΣ.

544 1072 658 1143 παῖδες·
681 1070 838 1149 μεθύοντα
860 1068 1001 1150 μειράκια
1023 1066 1214 1150 προσέρχεται

460 1194 462 1198 ’
543 1179 703 1263 πάμπολλ’.
726 1183 839 1246 ἐπαινῶ
863 1183 1027 1263 διαφόρως
1050 1180 1235 1262 κεκλῃμένην

545 1300 614 1362 εἴσω
636 1299 712 1380 πρὸς
735 1299 814 1377 ὑμᾶς
837 1298 948 1380 εἰσάγει
970 1297 1025 1377 τὴν
1049 1299 1191 1380 μείρακαί

875 1467 1000 1526 ΔΑΟΣ.

545 1573 627 1641 τοῦτ’
653 1576 715 1640 ἐστὶ
737 1578 851 1659 μήτηρ]
879 1613 919 1624 -
945 1575 961 1639 ὅ
984 1578 1130 1660 τρόφιμος
1153 1577 1300 1658 ζητητέος.

865 1730 1003 1790 ΔΩΡΙΣ.

321 1802 367 1909 '75
546 1839 671 1926 πρόσωφ’
697 1842 786 1917 αὐτὸς
809 1843 902 1905 αὐτόν
925 1842 980 1923 τὴν
1002 1844 1141 1923 ταχίστην
1164 1842 1284 1906 ἐνθάδε·

546 1957 688 2040 εὔκαιρον
710 1952 789 2021 εἶναι
811 1953 950 2037 φαίνεθ’,
971 1955 1012 2030 ὡς
1035 1955 1100 2036 ἐμοὶ
1123 1959 1213 2019 δοκεῖ.

340 2068 441 2133 (Darne
455 2073 482 2119 in
490 2072 583 2120 urbem
594 2072 657 2128 abit,
666 2072 804 2130 Glyceram
816 2069 994 2128 Doridemque
1006 2069 1033 2115 in
1041 2070 1190 2128 Myrrhinae
1199 2069 1278 2118 aedes
1287 2069 1396 2119 deducit
1410 2069 1547 2137 ohorus.)

358 2237 398 2285 ta.
416 2235 562 2297 *αόμτοιη
581 2237 694 2294 euanuit
713 2236 771 2283 Lei.
789 2248 847 2282 oum
865 2234 932 2291 eod.;
952 2235 1080 2295 permixta
1097 2233 1219 2282 videntur
1232 2239 1360 2293 πάμπολλα
1374 2240 1401 2284 et
1414 2241 1547 2298 σύμπαντα.

359 2341 389 2351 -
408 2313 574 2377 *κοαλημίνην]
592 2317 734 2377 αοατημίνην
750 2316 808 2367 Les.
827 2327 886 2362 eum
905 2314 962 2362 eod.
973 2310 1014 2378 (ί).

359 2395 399 2443 73.
416 2395 487 2456 ὑμᾶς]
511 2398 570 2456 ἡμᾶς
590 2396 644 2443 Leo
667 2394 738 2453 (ooll.
762 2395 823 2442 Her.
842 2395 883 2450 ii,
899 2394 946 2441 ubi
963 2396 1018 2451 ὑμῖν
1031 2394 1116 2454 poeoIt
1133 2407 1181 2454 pro
1200 2394 1273 2454 ἡμῖν).
1290 2393 1357 2443 Davi
1374 2398 1397 2444 ei
1413 2398 1547 2445 ainthaeo

325 2475 414 2531 verba,
430 2475 651 2539 Leo-sequendus
667 2473 710 2523 sit.

360 2555 401 2603 76.
418 2555 518 2620 κρίνων’
537 2555 608 2610 αὐτός
623 2553 689 2616 Leo]
707 2569 834 2601 .......τοο
852 2553 910 2601 ood-

360 2660 391 2669 -
409 2635 450 2694 τὴν
467 2638 582 2695 ταχίστην
599 2633 669 2694 Lot]
688 2649 841 2694 τ....χιοτην
857 2632 914 2680 cod.

291 2726 294 2731 ’
359 2738 393 2749 -
411 2715 505 2762 trotio·
520 2713 587 2774 Leo]
605 2713 701 2761 ετνθαδο
719 2713 775 2760 eod.

360 2794 400 2842 76.
418 2794 526 2858 οὔκαιρον
542 2793 609 2854 Leo]
626 2811 735 2841 ον.....ν
752 2793 822 2850 ood.;
840 2793 874 2840 of.
892 2793 923 2839 fr.
941 2791 1072 2839 Iernstedt
1088 2787 1180 2855 (supra
1196 2804 1257 2852 pag.
1275 2789 1326 2855 17).

266 2923 268 2925 »
361 2912 391 2922 -
410 2885 474 2935 Post
489 2888 559 2934 huno
575 2899 680 2955 versum
697 2887 724 2932 in
742 2887 799 2934 ood.
817 2878 904 2946 estff»
921 2877 938 2948 ᾗ
953 2876 989 2933 ὦ.

369 3067 495 3133 717-76.
516 3065 671 3135 Myrrhina
691 3065 853 3134 Glyceram
874 3066 911 3120 ad
1001 3065 1048 3120 72.
1071 3067 1224 3134 διαφόρως]
1246 3064 1396 3137 ορνορόοῖ).

273 3224 275 3226 ,
327 3175 361 3216 se
388 3159 521 3229 vocavit,
543 3160 578 3214 ut
599 3172 617 3213 a
637 3158 809 3214 Polemonis
829 3157 911 3213 iuve-
1002 3158 1049 3213 73.
1071 3159 1183 3227 εἰσάγει]
1195 3158 1365 3215 subieotum
1380 3162 1429 3216 est
1441 3164 1476 3216 τὰ
1491 3180 1547 3229 μει-

327 3267 461 3321 numque
497 3251 738 3307 temulentorum
773 3251 838 3306 sive
868 3249 913 3305 ira
961 3254 1100 3318 ρακύλλια.

327 3345 393 3401 eive
419 3344 619 3414 protervitate
641 3345 815 3413 protegeret
834 3343 913 3412 puel·
1003 3344 1050 3399 74.
1077 3341 1158 3398 τοῦτ’
1186 3347 1244 3399 ἐστὶ
1273 3347 1363 3414 μήτηρ
1373 3346 1391 3414 1]
1417 3346 1485 3402 iaec
1501 3347 1548 3403 *de-

327 3439 403 3509 lam,
442 3452 519 3506 quae
549 3437 732 3493 Moschionie
764 3435 853 3506 eulpa
881 3436 913 3491 in
961 3452 1041 3491 mum
1061 3452 1131 3492 νονο
1151 3440 1244 3492 mater
1262 3433 1444 3505 vocandam)
1468 3440 1548 3496 Item

328 3545 491 3588 aerumnas
524 3530 681 3585 incidisset
714 3528 913 3584 immeritissi·
962 3529 1031 3583 alibi
1059 3530 1137 3598 apud
1159 3532 1318 3586 nostrum:
1339 3533 1420 3586 τοῦθ’
1441 3534 1549 3600 ἑταῖρός

329 3639 406 3681 mae.
425 3623 528 3680 Davus
546 3637 618 3679 vero
630 3653 670 3662 —
681 3621 811 3678 sortasse
822 3621 913 3677 etiam
963 3624 1038 3676 ἐστιν
1060 3622 1164 3686 όντωςό
1177 3618 1199 3688 4)

329 3716 416 3774 Dorio
437 3747 477 3755 -
497 3717 586 3785 putat
607 3715 792 3783 Myrrhinam
810 3714 913 3769 heram
1003 3744 1043 3754 -
1073 3717 1088 3768 ό
1116 3716 1263 3783 τρόφιμος]
1292 3716 1441 3787 Μοεοόίο,
1468 3717 1550 3785 fitius

329 3824 418 3866 uuam
439 3811 502 3864 tam
515 3808 616 3864 lenem
631 3809 722 3875 atque
735 3806 914 3862 benevolam
962 3806 1061 3861 herilis
1070 3803 1105 3875 5)‚
1116 3806 1182 3862 heri
1193 3808 1314 3877 vesperi
1325 3809 1459 3879 aufugit,
1473 3809 1549 3864 iram

329 3917 364 3958 se
389 3903 544 3972 praestare
572 3914 645 3969 erga
665 3899 759 3955 filium
780 3902 815 3955 ut
836 3899 915 3968 puel·
962 3899 1133 3954 Polemonis
1162 3929 1201 3939 -
1229 3900 1362 3957 sortasse
1389 3903 1420 3956 et
1441 3902 1549 3958 matris

327 3995 389 4051 lam
416 3995 444 4051 oi
465 3994 604 4050 dilectam
625 3993 706 4049 ultro
726 3992 915 4060 introducat,
965 4023 1001 4052 -e
1024 3991 1157 4060 veritus;
1180 3994 1212 4047 at
1227 4007 1308 4050 nuno
1324 3992 1550 4062 quamprimum

329 4103 420 4157 quam
447 4088 536 4143 tutus
561 4101 578 4142 a
599 4085 771 4142 truculento
792 4084 842 4140 illo
863 4084 915 4139 mi·
964 4085 1181 4140 arcessendum
1208 4087 1410 4145 eumoenset
1431 4085 1550 4155 Davus,

329 4181 381 4238 lite
418 4180 506 4236 intus
544 4181 636 4236 amet.
668 4179 701 4233 Io
733 4178 812 4245 quod
843 4190 916 4232 mox
964 4177 1045 4232 domi
1076 4176 1156 4231 enim
1184 4176 1247 4232 iam
1275 4178 1398 4246 paratos
1427 4175 1454 4230 ei
1482 4190 1551 4232 esse

275 4326 277 4331 .
329 4273 410 4329 haud
431 4271 587 4327 difficulter
607 4269 773 4326 Moschioni
793 4283 916 4346 persua·
965 4285 1094 4326 amoma.

331 4365 381 4420 det
401 4364 518 4433 Davue,
540 4364 683 4432 quoniam
704 4365 824 4418 credere
840 4361 916 4417 sole·
1005 4362 1052 4417 76.
1074 4361 1149 4417 Post
1171 4361 1251 4416 huno
1272 4374 1397 4416 versum
1414 4359 1449 4414 fit
1466 4361 1552 4425 πόρο-

330 4472 400 4512 mus
421 4470 528 4512 omnes
549 4471 627 4524 quae
648 4457 791 4525 optamus
804 4451 835 4521 1).
965 4458 1013 4518 όος
1044 4457 1205 4521 μεθυόντων
1238 4454 1394 4521 μειρακίων,
1432 4453 1553 4520 quibus·

365 4680 386 4743 ¹)
404 4684 443 4731 Of.
457 4697 494 4731 vs.
510 4685 566 4731 141.
581 4708 614 4717 -
629 4679 649 4740 ²)
667 4682 706 4729 (tf.
724 4682 794 4729 Dieo.
809 4683 867 4729 333.
881 4707 913 4715 —
929 4678 949 4739 ³)
969 4681 1034 4728 Item
1052 4693 1112 4727 nos:
1130 4678 1174 4726 dat
1186 4679 1209 4726 ie
1222 4693 1268 4741 noy
1282 4693 1337 4727 eene
1349 4693 1390 4726 een
1404 4662 1554 4726 morderi-

330 4746 352 4812 ⁴)
369 4751 411 4798 Fr.
429 4752 487 4799 867.
506 4776 536 4785 —
555 4747 577 4813 ⁶)
595 4748 633 4797 cf.
651 4747 721 4798 Diuo.
741 4752 798 4796 160.
