3750 5492
774 659 1013 706 oincnntonsn.

645 926 846 996 Acws
880 926 1140 996 ramus.

706 1103 849 1159 sonno
870 1103 1086 1159 snounnii.

718 1260 943 1336 Ignoratio
968 1260 1051 1321 sola.

811 1400 985 1458 ΑΓΝΟΙΑ.

775 1546 814 1556 -
841 1546 882 1556 -
908 1546 949 1556 -
973 1509 1093 1590 τρέφειν
1115 1509 1229 1591 βρέφος

504 1625 600 1704 μόνον
624 1629 863 1706 προθυμηθεῖσα
886 1629 985 1704 θῆλυ,
1007 1624 1040 1686 τδ
1064 1620 1092 1685 δ’
1118 1622 1219 1705 ἕτερον

504 1737 626 1820 γνναικδ
649 1740 760 1801 δοῦναι
782 1738 911 1821 πλουσίᾳ
934 1737 991 1817 τὴν
1014 1738 1113 1800 οἰκίαν

506 1853 619 1933 ταύτην
640 1853 822 1938 κατοικοῦση
845 1850 973 1938 δεομένη
996 1853 1132 1915 παιδίου.

504 1973 576 2031 ποεῖ
595 1965 628 2029 δέ
650 1962 743 2029 τοῦτ’·
767 1965 973 2048 ἐγγενομένων
997 1963 1025 2027 δ’
1053 1965 1128 2028 έτῶν
1151 1990 1242 2029 τινων

504 2081 556 2145 καὶ
578 2091 632 2143 τοῦ
655 2079 789 2159 πολέμου
811 2079 863 2142 καὶ
885 2091 944 2143 τῶν
968 2085 1185 2164 Κορινθιακῶν
1208 2093 1309 2145 κακῶν

505 2194 732 2276 αὐξανομένων,
753 2191 773 2275 ἡ
796 2205 891 2277 γραῦς
914 2194 1111 2277 ἀπορουμένη
1136 2197 1270 2278 σφόδρα,

506 2309 716 2392 τεθραμμένης
739 2320 791 2390 τῆς
813 2310 923 2384 παιδὸς
946 2307 985 2389 ἣν
1008 2320 1067 2372 νῦν
1090 2312 1181 2373 εἴδετε

506 2429 605 2505 ὑμεῖς,
627 2424 753 2505 ἐραστοῦ
776 2423 943 2505 γενομένου
966 2448 996 2486 τε
1018 2435 1071 2486 τοῦ
1095 2428 1233 2506 σφοδροῦ

506 2542 614 2602 τοῦτον
637 2541 798 2601 νεανίσκου
820 2536 900 2620 γένει
923 2540 1095 2620 Κορινθίου

508 2652 610 2733 ὄντος,
633 2654 739 2715 δίδωσι
763 2652 818 2732 τὴν
838 2653 934 2734 κόρην
959 2651 999 2727 ὡς
1022 2652 1176 2736 θυγατέρα

508 2767 600 2848 αὑτῆς
624 2767 709 2848 ἔχειν.
732 2766 792 2848 ἤδη
817 2764 846 2828 δ’
873 2766 1055 2850 ἀπειρηκυῖα
1078 2766 1129 2829 καὶ

507 2880 705 2963 προορωμένη
728 2891 782 2944 τοῦ
806 2884 860 2960 ζῆν
882 2882 1096 2964 καταστροφήν
1118 2906 1185 2943 τινα

507 2997 583 3081 αῦτη
607 3006 777 3076 παροῦσαν,
800 2996 857 3059 οὐκ
879 2997 992 3077 ἔκρυψε
1015 2995 1070 3076 τὴν
1093 2998 1195 3076 τύχην

319 3178 342 3223 l.
359 3176 460 3223 Desunt
481 3174 509 3222 in
531 3177 587 3223 cod.
609 3177 702 3240 τρέφειν
724 3178 811 3240 βρέφος
832 3181 913 3235 μόνον,
934 3178 1069 3238 supplevit
1090 3175 1174 3236 vWil.,
1198 3179 1223 3224 τδ
1243 3181 1286 3236 μέν
1303 3179 1359 3225 Les.
1377 3178 1426 3236 (vs.
1446 3180 1510 3226 1-6

285 3252 424 3302 adiuvante
442 3255 563 3314 Oroiset).

319 3334 342 3380 2.
359 3330 464 3397 γυναικὶ]
478 3334 612 3395 supplevit
628 3336 685 3383 Lei.

320 3413 343 3458 θ.
362 3408 460 3478 ταύτην]
479 3412 613 3474 supplevit
629 3415 686 3461 Les.

320 3517 350 3526 —
369 3493 466 3555 δεομένη
483 3492 553 3554 Inest]
572 3495 675 3553 δι..ενη
692 3495 751 3543 eod.

319 3573 342 3617 4.
360 3572 415 3618 ποεῖ
430 3574 455 3618 δέ
473 3570 574 3636 τοῦτ’(ο)
593 3574 678 3634 vWil.]
696 3576 850 3621 ,....διτο.,.
869 3576 935 3633 eod„
952 3576 1027 3634 ἐδόθη
1045 3576 1071 3622 δέ
1090 3577 1141 3622 τόθ’
1162 3577 1233 3629 οὕτως
1249 3577 1307 3622 Lef.

320 3676 351 3685 -
368 3654 521 3709 ἐγγενομένων
537 3654 603 3712 Leo]
619 3672 767 3711 ......μινων
786 3653 853 3711 cod„
870 3656 999 3713 γενομένων
1016 3655 1072 3701 Les.
1203 3637 1212 3648 N

321 3730 344 3776 δ.
363 3733 401 3776 καὶ
418 3739 460 3778 τοῦ
477 3732 543 3792 Leo]
563 3751 634 3780 ...ov
653 3733 719 3790 eod„
736 3741 827 3794 συχνοῦ
844 3735 900 3780 Lei.

321 3810 344 3855 6.
361 3811 524 3866 αὐξανομένων
538 3813 608 3872 Lot]
626 3831 795 3871 ...ανομειων
812 3814 869 3859 cod.

282 3957 284 3961 ’
327 3973 357 4027 5.-
376 3971 591 4040 Respioiuntur
611 3972 704 4041 igitur
726 3988 775 4029 res
797 3988 873 4040 quae
897 3969 899 4092 η
923 3974 1045 4030 Polemo
1067 3974 1220 4043 copiarum
1242 3977 1304 4030 dux
1322 3975 1511 4044 CorinthiuS‚

287 4079 418 4134 annum,
450 4080 510 4133 quo
538 4066 748 4122 circumtonsa
774 4066 874 4121 fabula
924 4067 1054 4122 sociatae
1070 4066 1130 4122 iam
1141 4082 1210 4124 esse
1221 4068 1357 4124 Athenas
1369 4068 1512 4124 Corintho

287 4172 395 4214 scenae
432 4159 596 4214 commissa
623 4162 685 4230 est,
719 4161 874 4228 proximae
924 4174 1046 4215 sumere
1086 4160 1164 4216 lieet.
1207 4160 1400 4216 Conveniunt
1439 4161 1513 4217 haec

287 4254 530 4308 antecesserunt.
552 4252 628 4308 Mala
649 4254 753 4308 autem
776 4253 875 4308 Corin·
924 4267 1027 4308 rernm
1054 4252 1141 4308 faciei
1168 4268 1245 4322 quae
1272 4254 1328 4309 fuit
1356 4254 1434 4309 circa
1461 4269 1512 4308 an-

229 4357 237 4371 ·
288 4344 481 4412 thiaoaquae
501 4345 639 4401 dicantur
656 4348 872 4414 nonapparet;
924 4360 999 4400 num
1019 4345 1093 4415 300,
1112 4361 1180 4401 cuin
1197 4347 1370 4403 Demetrius
1382 4347 1512 4402 Athenis

287 4439 341 4494 sed
365 4438 497 4495 Athenis
519 4442 662 4507 quoniam
683 4454 733 4496 res
755 4439 803 4507 agi
823 4439 874 4494 fin·
924 4438 1093 4495 dominavit
1115 4444 1159 4493 καὶ
1179 4442 1313 4514 ,Κόρινθον
1336 4443 1453 4495 ἐλύσατο
1465 4436 1498 4506 1).

287 4533 412 4602 guntur,
434 4532 492 4588 illio
512 4535 616 4589 autem
638 4536 748 4602 degere
769 4533 876 4588 dicitur
968 4533 1013 4587 il.
1036 4535 1211 4603 ἀπειρηκυῖα]
1234 4536 1320 4589 annis
1340 4533 1477 4603 confecta.

325 4733 345 4796 ¹)
362 4738 430 4785 Plut.
447 4739 521 4785 Dom.
539 4739 646 4785 23-25.
