<?xml version="1.0" encoding="UTF-8"?>
<!DOCTYPE html PUBLIC "-//W3C//DTD XHTML 1.0 Transitional//EN"
    "http://www.w3.org/TR/xhtml1/DTD/xhtml1-transitional.dtd">
<html xmlns="http://www.w3.org/1999/xhtml" xml:lang="en" lang="en">
 <head>
  <title>
</title>
<meta http-equiv="Content-Type" content="text/html;charset=utf-8" />
  <meta name='ocr-system' content='tesseract 3.04.00' />
  <meta name='ocr-capabilities' content='ocr_page ocr_carea ocr_par ocr_line ocrx_word'/>
</head>
<body>
  <div class='ocr_page' id='page_1' title='image "./menandriquatuor00lefegoog_0094.png"; bbox 0 0 3750 5492; ppageno 0'>
   <div class='ocr_carea' id='block_1_1' title="bbox 895 666 1134 737">
    <p class='ocr_par' dir='ltr' id='par_1_1' title="bbox 895 666 1134 737">
     <span class='ocr_line' id='line_1_1' title="bbox 895 666 1134 737; baseline 0.008 -2"><span class='ocrx_word' id='word_1_1' title='bbox 895 666 1134 737; x_wconf 75' lang='lat' dir='ltr'><strong>cracuurorss.</strong></span> 
     </span>
    </p>
   </div>
   <div class='ocr_carea' id='block_1_2' title="bbox 619 864 1484 1839">
    <p class='ocr_par' dir='ltr' id='par_1_2' title="bbox 942 864 1079 924">
     <span class='ocr_line' id='line_1_2' title="bbox 942 864 1079 924; baseline 0.007 -1"><span class='ocrx_word' id='word_1_2' title='bbox 942 864 1079 924; x_wconf 78' lang='grc' dir='ltr'><strong><em>ΔΩΡΙΣ.</em></strong></span> 
     </span>
    </p>

    <p class='ocr_par' dir='ltr' id='par_1_3' title="bbox 619 977 1347 1515">
     <span class='ocr_line' id='line_1_3' title="bbox 1027 977 1333 1059; baseline 0 -21"><span class='ocrx_word' id='word_1_3' title='bbox 1027 977 1116 1056; x_wconf 79' lang='grc' dir='ltr'><strong><em>κόψω</em></strong></span> <span class='ocrx_word' id='word_1_4' title='bbox 1141 977 1196 1057; x_wconf 78' lang='grc' dir='ltr'><strong>τὴν</strong></span> <span class='ocrx_word' id='word_1_5' title='bbox 1219 980 1333 1059; x_wconf 78' lang='grc' dir='ltr'><strong><em>θύραν·</em></strong></span> 
     </span>
     <span class='ocr_line' id='line_1_4' title="bbox 621 1089 1299 1174; baseline 0.001 -20"><span class='ocrx_word' id='word_1_6' title='bbox 621 1090 724 1166; x_wconf 73' lang='grc' dir='ltr'><strong><em>οὐδεὶς</em></strong></span> <span class='ocrx_word' id='word_1_7' title='bbox 747 1090 804 1173; x_wconf 79' lang='grc' dir='ltr'><strong>γὰρ</strong></span> <span class='ocrx_word' id='word_1_8' title='bbox 828 1091 931 1154; x_wconf 75' lang='grc' dir='ltr'><strong><em>αὐτῶν</em></strong></span> <span class='ocrx_word' id='word_1_9' title='bbox 954 1089 1036 1153; x_wconf 72' lang='grc' dir='ltr'><strong><em>ἔστιν</em></strong></span> <span class='ocrx_word' id='word_1_10' title='bbox 1058 1091 1134 1168; x_wconf 70' lang='grc' dir='ltr'><strong><em>ἕξοκ</em></strong></span> <span class='ocrx_word' id='word_1_11' title='bbox 1148 1091 1299 1174; x_wconf 72' lang='grc' dir='ltr'><strong><em>δυστυχὴς</em></strong></span> 
     </span>
     <span class='ocr_line' id='line_1_5' title="bbox 619 1203 1347 1289; baseline -0.001 -20"><span class='ocrx_word' id='word_1_12' title='bbox 619 1206 683 1287; x_wconf 78' lang='grc' dir='ltr'><strong><em>ἥτις</em></strong></span> <span class='ocrx_word' id='word_1_13' title='bbox 706 1206 889 1286; x_wconf 80' lang='grc' dir='ltr'><strong><em>στρατιώτην</em></strong></span> <span class='ocrx_word' id='word_1_14' title='bbox 912 1205 1019 1286; x_wconf 77' lang='grc' dir='ltr'><strong><em>ἔλαβεν</em></strong></span> <span class='ocrx_word' id='word_1_15' title='bbox 1043 1203 1150 1288; x_wconf 69' lang='grc' dir='ltr'><strong><em>ἄνδρα·</em></strong></span> <span class='ocrx_word' id='word_1_16' title='bbox 1173 1208 1347 1289; x_wconf 72' lang='grc' dir='ltr'><em>παράνομοι</em></span> 
     </span>
     <span class='ocr_line' id='line_1_6' title="bbox 619 1313 1266 1402; baseline 0 -20"><span class='ocrx_word' id='word_1_17' title='bbox 619 1322 763 1400; x_wconf 75' lang='grc' dir='ltr'><strong><em>ἅπαντες,</em></strong></span> <span class='ocrx_word' id='word_1_18' title='bbox 786 1318 878 1382; x_wconf 66' lang='grc' dir='ltr'><strong><em>οὐδὲν</em></strong></span> <span class='ocrx_word' id='word_1_19' title='bbox 900 1320 1017 1383; x_wconf 82' lang='grc' dir='ltr'><strong><em>κιστόν.</em></strong></span> <span class='ocrx_word' id='word_1_20' title='bbox 1041 1313 1065 1382; x_wconf 76' lang='grc' dir='ltr'><strong>ὦ</strong></span> <span class='ocrx_word' id='word_1_21' title='bbox 1088 1321 1266 1402; x_wconf 77' lang='grc' dir='ltr'><strong><em>κεκτημένη,</em></strong></span> 
     </span>
     <span class='ocr_line' id='line_1_7' title="bbox 619 1434 1007 1515; baseline 0.003 -18"><span class='ocrx_word' id='word_1_22' title='bbox 619 1434 659 1509; x_wconf 82' lang='grc' dir='ltr'><strong>ὥς</strong></span> <span class='ocrx_word' id='word_1_23' title='bbox 683 1434 775 1498; x_wconf 75' lang='grc' dir='ltr'><strong><em>ἄδικα</em></strong></span> <span class='ocrx_word' id='word_1_24' title='bbox 798 1435 938 1515; x_wconf 73' lang='grc' dir='ltr'><strong><em>κάσχειςί</em></strong></span> <span class='ocrx_word' id='word_1_25' title='bbox 967 1470 1007 1481; x_wconf 98' lang='grc'>-</span> 
     </span>
    </p>

    <p class='ocr_par' dir='ltr' id='par_1_4' title="bbox 754 1545 1267 1613">
     <span class='ocr_line' id='line_1_8' title="bbox 754 1545 1267 1613; baseline 0 -17"><span class='ocrx_word' id='word_1_26' title='bbox 754 1545 838 1609; x_wconf 79' lang='lat' dir='ltr'><strong>(Ferit</strong></span> <span class='ocrx_word' id='word_1_27' title='bbox 853 1548 960 1596; x_wconf 77' lang='lat' dir='ltr'><strong>ianuam</strong></span> <span class='ocrx_word' id='word_1_28' title='bbox 978 1549 1082 1597; x_wconf 85' lang='lat' dir='ltr'><strong>aedium</strong></span> <span class='ocrx_word' id='word_1_29' title='bbox 1099 1545 1267 1613; x_wconf 88' lang='lat' dir='ltr'><strong>Polemonis.)</strong></span> 
     </span>
    </p>

    <p class='ocr_par' dir='ltr' id='par_1_5' title="bbox 1019 1642 1484 1723">
     <span class='ocr_line' id='line_1_9' title="bbox 1019 1642 1484 1723; baseline -0.002 -20"><span class='ocrx_word' id='word_1_30' title='bbox 1019 1644 1143 1716; x_wconf 78' lang='grc' dir='ltr'><strong><em>παῖδεςΙ</em></strong></span> <span class='ocrx_word' id='word_1_31' title='bbox 1168 1678 1210 1686; x_wconf 94' lang='grc'>-</span> <span class='ocrx_word' id='word_1_32' title='bbox 1234 1642 1484 1723; x_wconf 76' lang='grc' dir='ltr'><strong><em>εὐφρανθήσεται</em></strong></span> 
     </span>
    </p>

    <p class='ocr_par' dir='ltr' id='par_1_6' title="bbox 622 1754 1382 1839">
     <span class='ocr_line' id='line_1_10' title="bbox 622 1754 1382 1839; baseline 0.001 -22"><span class='ocrx_word' id='word_1_33' title='bbox 622 1756 775 1818; x_wconf 71' lang='grc' dir='ltr'><strong><em>κλαίουσαν</em></strong></span> <span class='ocrx_word' id='word_1_34' title='bbox 798 1754 896 1835; x_wconf 72' lang='grc' dir='ltr'><strong><em>αὐτὴν</em></strong></span> <span class='ocrx_word' id='word_1_35' title='bbox 919 1756 1099 1835; x_wconf 79' lang='grc' dir='ltr'><strong><em>πυθόμενος</em></strong></span> <span class='ocrx_word' id='word_1_36' title='bbox 1121 1767 1189 1819; x_wconf 78' lang='grc' dir='ltr'><strong><em>νῦν·</em></strong></span> <span class='ocrx_word' id='word_1_37' title='bbox 1208 1766 1298 1819; x_wconf 82' lang='grc' dir='ltr'><strong><em>τοῦτο</em></strong></span> <span class='ocrx_word' id='word_1_38' title='bbox 1322 1755 1382 1839; x_wconf 76' lang='grc' dir='ltr'><strong>γὰρ</strong></span> 
     </span>
    </p>
   </div>
   <div class='ocr_carea' id='block_1_3' title="bbox 619 1866 1271 2156">
    <p class='ocr_par' dir='ltr' id='par_1_7' title="bbox 619 1866 1271 2156">
     <span class='ocr_line' id='line_1_11' title="bbox 619 1866 942 1951; baseline -0.003 -19"><span class='ocrx_word' id='word_1_39' title='bbox 619 1866 748 1951; x_wconf 78' lang='grc' dir='ltr'><strong><em>ἐβούλετ’</em></strong></span> <span class='ocrx_word' id='word_1_40' title='bbox 775 1870 875 1944; x_wconf 70' lang='grc' dir='ltr'><strong><em>αὐτός.</em></strong></span> <span class='ocrx_word' id='word_1_41' title='bbox 902 1905 942 1916; x_wconf 96' lang='grc'>-</span> 
     </span>
     <span class='ocr_line' id='line_1_12' title="bbox 879 1981 1142 2044; baseline -0.004 -13"><span class='ocrx_word' id='word_1_42' title='bbox 879 1981 983 2044; x_wconf 80' lang='lat' dir='ltr'>(Prodit</span> <span class='ocrx_word' id='word_1_43' title='bbox 1001 1984 1142 2043; x_wconf 84' lang='lat' dir='ltr'><strong>servulus.)</strong></span> 
     </span>
     <span class='ocr_line' id='line_1_13' title="bbox 934 2075 1271 2156; baseline 0.009 -20"><span class='ocrx_word' id='word_1_44' title='bbox 934 2076 1075 2156; x_wconf 82' lang='grc' dir='ltr'><strong><em>παιδίον,</em></strong></span> <span class='ocrx_word' id='word_1_45' title='bbox 1097 2075 1198 2139; x_wconf 71' lang='grc' dir='ltr'><strong><em>κέλεαί</em></strong></span> <span class='ocrx_word' id='word_1_46' title='bbox 1220 2100 1271 2156; x_wconf 82' lang='grc' dir='ltr'><strong>μοι</strong></span> 
     </span>
    </p>
   </div>
   <div class='ocr_carea' id='block_1_4' title="bbox 396 2331 1628 2669">
    <p class='ocr_par' dir='ltr' id='par_1_8' title="bbox 396 2331 1628 2669">
     <span class='ocr_line' id='line_1_14' title="bbox 440 2331 1627 2443; baseline -0.004 -15"><span class='ocrx_word' id='word_1_47' title='bbox 440 2367 538 2428; x_wconf 84' lang='lat' dir='ltr'><strong>Aliud</strong></span> <span class='ocrx_word' id='word_1_48' title='bbox 570 2367 797 2442; x_wconf 80' lang='lat' dir='ltr'><strong>fragmentum</strong></span> <span class='ocrx_word' id='word_1_49' title='bbox 814 2362 836 2437; x_wconf 81' lang='grc' dir='ltr'><strong>ι)</strong></span> <span class='ocrx_word' id='word_1_50' title='bbox 870 2370 1013 2442; x_wconf 89' lang='lat' dir='ltr'><strong>quatuor</strong></span> <span class='ocrx_word' id='word_1_51' title='bbox 1046 2367 1185 2443; x_wconf 82' lang='lat' dir='ltr'>paginas</span> <span class='ocrx_word' id='word_1_52' title='bbox 1219 2367 1290 2428; x_wconf 90' lang='lat' dir='ltr'><strong>sive</strong></span> <span class='ocrx_word' id='word_1_53' title='bbox 1321 2331 1477 2427; x_wconf 91' lang='lat' dir='ltr'><strong>intimum</strong></span> <span class='ocrx_word' id='word_1_54' title='bbox 1508 2365 1627 2426; x_wconf 90' lang='lat' dir='ltr'><strong>folium</strong></span> 
     </span>
     <span class='ocr_line' id='line_1_15' title="bbox 396 2475 1628 2557; baseline -0.003 -15"><span class='ocrx_word' id='word_1_55' title='bbox 396 2480 624 2556; x_wconf 84' lang='lat' dir='ltr'><strong>quaternionis</strong></span> <span class='ocrx_word' id='word_1_56' title='bbox 653 2480 718 2552; x_wconf 87' lang='lat' dir='ltr'><strong>(vel</strong></span> <span class='ocrx_word' id='word_1_57' title='bbox 740 2481 914 2550; x_wconf 90' lang='lat' dir='ltr'><strong>ternionis)</strong></span> <span class='ocrx_word' id='word_1_58' title='bbox 937 2481 1081 2557; x_wconf 88' lang='lat' dir='ltr'><strong>implens</strong></span> <span class='ocrx_word' id='word_1_59' title='bbox 1096 2475 1127 2552; x_wconf 87' lang='lat'><strong>²).</strong></span> <span class='ocrx_word' id='word_1_60' title='bbox 1153 2481 1254 2542; x_wconf 82' lang='lat' dir='ltr'><strong>Ouius</strong></span> <span class='ocrx_word' id='word_1_61' title='bbox 1278 2480 1372 2542; x_wconf 90' lang='lat' dir='ltr'><strong>initio</strong></span> <span class='ocrx_word' id='word_1_62' title='bbox 1396 2481 1452 2554; x_wconf 92' lang='lat' dir='ltr'><strong>qui</strong></span> <span class='ocrx_word' id='word_1_63' title='bbox 1474 2479 1628 2553; x_wconf 89' lang='lat' dir='ltr'><strong>loquatur</strong></span> 
     </span>
     <span class='ocr_line' id='line_1_16' title="bbox 398 2587 1518 2669; baseline -0.001 -15"><span class='ocrx_word' id='word_1_64' title='bbox 398 2609 463 2655; x_wconf 93' lang='lat' dir='ltr'><strong>non</strong></span> <span class='ocrx_word' id='word_1_65' title='bbox 487 2597 636 2656; x_wconf 89' lang='lat' dir='ltr'><strong>constat:</strong></span> <span class='ocrx_word' id='word_1_66' title='bbox 661 2595 767 2655; x_wconf 80' lang='lat' dir='ltr'><strong>sumai</strong></span> <span class='ocrx_word' id='word_1_67' title='bbox 791 2593 964 2656; x_wconf 86' lang='lat' dir='ltr'>Doridis</span> <span class='ocrx_word' id='word_1_68' title='bbox 987 2598 1020 2656; x_wconf 88' lang='lat' dir='ltr'><strong>et</strong></span> <span class='ocrx_word' id='word_1_69' title='bbox 1042 2595 1146 2657; x_wconf 86' lang='lat' dir='ltr'><strong>Davi</strong></span> <span class='ocrx_word' id='word_1_70' title='bbox 1171 2610 1245 2656; x_wconf 82' lang='lat' dir='ltr'><strong>esse</strong></span> <span class='ocrx_word' id='word_1_71' title='bbox 1269 2594 1469 2669; x_wconf 88' lang='lat' dir='ltr'><strong>colloquium</strong></span> <span class='ocrx_word' id='word_1_72' title='bbox 1485 2587 1518 2663; x_wconf 70' lang='grc' dir='ltr'><strong>3ι.</strong></span> 
     </span>
    </p>
   </div>
   <div class='ocr_carea' id='block_1_5' title="bbox 397 2731 1632 4309">
    <p class='ocr_par' dir='ltr' id='par_1_9' title="bbox 431 2731 1246 2807">
     <span class='ocr_line' id='line_1_17' title="bbox 431 2731 1246 2807; baseline 0.002 -19"><span class='ocrx_word' id='word_1_73' title='bbox 431 2744 472 2789; x_wconf 81' lang='grc'><strong>64.</strong></span> <span class='ocrx_word' id='word_1_74' title='bbox 489 2744 558 2801; x_wconf 77' lang='grc' dir='ltr'><strong><em>κόψαι</em></strong></span> <span class='ocrx_word' id='word_1_75' title='bbox 576 2741 617 2800; x_wconf 75' lang='grc' dir='ltr'><strong>τὴν</strong></span> <span class='ocrx_word' id='word_1_76' title='bbox 635 2742 836 2805; x_wconf 64' lang='grc' dir='ltr'><strong><em>θύρανεΜοη.</em></strong></span> <span class='ocrx_word' id='word_1_77' title='bbox 855 2743 887 2789; x_wconf 78' lang='lat' dir='ltr'><strong>fr.</strong></span> <span class='ocrx_word' id='word_1_78' title='bbox 906 2744 963 2790; x_wconf 84' lang='lat'><strong>860.</strong></span> <span class='ocrx_word' id='word_1_79' title='bbox 1052 2731 1056 2736; x_wconf 28' lang='grc' dir='ltr'>ι</span> <span class='ocrx_word' id='word_1_80' title='bbox 1244 2803 1246 2807; x_wconf 12' lang='lat'><strong>¹</strong></span> 
     </span>
    </p>

    <p class='ocr_par' dir='ltr' id='par_1_10' title="bbox 397 2819 1627 2964">
     <span class='ocr_line' id='line_1_18' title="bbox 432 2819 1627 2888; baseline -0.003 -20"><span class='ocrx_word' id='word_1_81' title='bbox 432 2822 464 2868; x_wconf 81' lang='grc'><strong>66</strong></span> <span class='ocrx_word' id='word_1_82' title='bbox 487 2832 526 2878; x_wconf 85' lang='lat' dir='ltr'><strong>sq.</strong></span> <span class='ocrx_word' id='word_1_83' title='bbox 550 2820 633 2884; x_wconf 74' lang='grc' dir='ltr'><strong><em>ἄνδρα·</em></strong></span> <span class='ocrx_word' id='word_1_84' title='bbox 655 2823 789 2884; x_wconf 75' lang='grc' dir='ltr'><strong><em>παράνομοι</em></strong></span> <span class='ocrx_word' id='word_1_85' title='bbox 804 2821 809 2883; x_wconf 94' lang='grc' dir='ltr'>Ι</span> <span class='ocrx_word' id='word_1_86' title='bbox 824 2823 925 2876; x_wconf 77' lang='grc' dir='ltr'><strong><em>ἅπαντες</em></strong></span> <span class='ocrx_word' id='word_1_87' title='bbox 946 2821 1038 2883; x_wconf 69' lang='lat' dir='ltr'><strong>Kssrte]</strong></span> <span class='ocrx_word' id='word_1_88' title='bbox 1056 2823 1131 2888; x_wconf 74' lang='grc' dir='ltr'><strong><em>ἄνδρα</em></strong></span> <span class='ocrx_word' id='word_1_89' title='bbox 1149 2825 1288 2888; x_wconf 78' lang='grc' dir='ltr'><strong><em>παράνομον</em></strong></span> <span class='ocrx_word' id='word_1_90' title='bbox 1303 2819 1308 2886; x_wconf 75' lang='grc' dir='ltr'>Ι</span> <span class='ocrx_word' id='word_1_91' title='bbox 1323 2823 1416 2876; x_wconf 67' lang='lat' dir='ltr'><strong>dauri,</strong></span> <span class='ocrx_word' id='word_1_92' title='bbox 1434 2825 1457 2876; x_wconf 63' lang='lat' dir='ltr'><strong>tr</strong></span> <span class='ocrx_word' id='word_1_93' title='bbox 1472 2820 1538 2877; x_wconf 72' lang='lat' dir='ltr'><strong>Lei,</strong></span> <span class='ocrx_word' id='word_1_94' title='bbox 1555 2820 1627 2867; x_wconf 80' lang='lat' dir='ltr'><strong>vocis</strong></span> 
     </span>
     <span class='ocr_line' id='line_1_19' title="bbox 397 2899 1209 2964; baseline 0.004 -19"><span class='ocrx_word' id='word_1_95' title='bbox 397 2902 535 2964; x_wconf 74' lang='grc' dir='ltr'><strong><em>παράνομον</em></strong></span> <span class='ocrx_word' id='word_1_96' title='bbox 551 2899 671 2946; x_wconf 87' lang='lat' dir='ltr'><strong>ultimam</strong></span> <span class='ocrx_word' id='word_1_97' title='bbox 690 2899 804 2947; x_wconf 88' lang='lat' dir='ltr'><strong>litteram</strong></span> <span class='ocrx_word' id='word_1_98' title='bbox 822 2913 872 2947; x_wconf 91' lang='lat' dir='ltr'><strong>uon</strong></span> <span class='ocrx_word' id='word_1_99' title='bbox 890 2903 989 2948; x_wconf 87' lang='lat' dir='ltr'><strong>certam</strong></span> <span class='ocrx_word' id='word_1_100' title='bbox 1008 2914 1065 2948; x_wconf 87' lang='lat' dir='ltr'><strong>esse</strong></span> <span class='ocrx_word' id='word_1_101' title='bbox 1083 2901 1209 2948; x_wconf 90' lang='lat' dir='ltr'><strong>scribens.</strong></span> 
     </span>
    </p>

    <p class='ocr_par' dir='ltr' id='par_1_11' title="bbox 397 2976 1628 3127">
     <span class='ocr_line' id='line_1_20' title="bbox 431 2976 1628 3046; baseline 0 -20"><span class='ocrx_word' id='word_1_102' title='bbox 431 2981 540 3027; x_wconf 77' lang='grc'><strong>68-70.</strong></span> <span class='ocrx_word' id='word_1_103' title='bbox 557 2977 663 3027; x_wconf 80' lang='lat' dir='ltr'><strong>*Doridi</strong></span> <span class='ocrx_word' id='word_1_104' title='bbox 677 2979 840 3037; x_wconf 62' lang='lat' dir='ltr'><strong>continuam</strong></span> <span class='ocrx_word' id='word_1_105' title='bbox 853 2978 930 3029; x_wconf 84' lang='lat' dir='ltr'><strong>alteri</strong></span> <span class='ocrx_word' id='word_1_106' title='bbox 939 2979 1098 3046; x_wconf 89' lang='lat' dir='ltr'><strong>(Polemonis</strong></span> <span class='ocrx_word' id='word_1_107' title='bbox 1108 2981 1196 3040; x_wconf 81' lang='lat' dir='ltr'><strong>servo)</strong></span> <span class='ocrx_word' id='word_1_108' title='bbox 1204 2995 1242 3029; x_wconf 86' lang='lat' dir='ltr'><strong>vs.</strong></span> <span class='ocrx_word' id='word_1_109' title='bbox 1253 2979 1326 3029; x_wconf 75' lang='lat'>68¹¹-</span> <span class='ocrx_word' id='word_1_110' title='bbox 1336 2982 1380 3028; x_wconf 81' lang='lat' dir='ltr'><strong>tu·</strong></span> <span class='ocrx_word' id='word_1_111' title='bbox 1388 2976 1628 3045; x_wconf 70' lang='grc' dir='ltr'><strong><em>(εὐφρανθήσεται-</em></strong></span> 
     </span>
     <span class='ocr_line' id='line_1_21' title="bbox 397 3057 1363 3127; baseline 0.001 -22"><span class='ocrx_word' id='word_1_112' title='bbox 397 3057 478 3118; x_wconf 59' lang='lat' dir='ltr'><strong>cirta)</strong></span> <span class='ocrx_word' id='word_1_113' title='bbox 494 3059 569 3108; x_wconf 82' lang='lat' dir='ltr'><strong>dedit</strong></span> <span class='ocrx_word' id='word_1_114' title='bbox 585 3059 643 3106; x_wconf 83' lang='lat' dir='ltr'><strong>Lei.</strong></span> <span class='ocrx_word' id='word_1_115' title='bbox 661 3072 731 3108; x_wconf 87' lang='lat' dir='ltr'><strong>cum.</strong></span> <span class='ocrx_word' id='word_1_116' title='bbox 748 3060 806 3107; x_wconf 89' lang='lat' dir='ltr'><strong>cod.</strong></span> <span class='ocrx_word' id='word_1_117' title='bbox 1360 3123 1363 3127; x_wconf 14' lang='lat' dir='ltr'>y</span> 
     </span>
    </p>

    <p class='ocr_par' dir='ltr' id='par_1_12' title="bbox 397 3135 1632 4152">
     <span class='ocr_line' id='line_1_22' title="bbox 432 3135 1629 3200; baseline -0.001 -15"><span class='ocrx_word' id='word_1_118' title='bbox 432 3135 489 3200; x_wconf 87' lang='grc' dir='ltr'><strong>1)Δ</strong></span> <span class='ocrx_word' id='word_1_119' title='bbox 519 3137 661 3186; x_wconf 89' lang='lat' dir='ltr'><strong>Lefeburio</strong></span> <span class='ocrx_word' id='word_1_120' title='bbox 691 3140 724 3186; x_wconf 88' lang='lat' dir='ltr'><strong>sd</strong></span> <span class='ocrx_word' id='word_1_121' title='bbox 750 3140 864 3188; x_wconf 79' lang='lat' dir='ltr'><strong>Samiam</strong></span> <span class='ocrx_word' id='word_1_122' title='bbox 890 3140 1007 3188; x_wconf 85' lang='lat' dir='ltr'><strong>fabulam</strong></span> <span class='ocrx_word' id='word_1_123' title='bbox 1036 3141 1086 3188; x_wconf 90' lang='lat' dir='ltr'><strong>hoo</strong></span> <span class='ocrx_word' id='word_1_124' title='bbox 1112 3141 1289 3199; x_wconf 77' lang='lat' dir='ltr'><strong>fragmentum</strong></span> <span class='ocrx_word' id='word_1_125' title='bbox 1316 3143 1357 3188; x_wconf 85' lang='lat' dir='ltr'><strong>est</strong></span> <span class='ocrx_word' id='word_1_126' title='bbox 1382 3139 1493 3186; x_wconf 85' lang='lat' dir='ltr'><strong>relatum</strong></span> <span class='ocrx_word' id='word_1_127' title='bbox 1519 3141 1629 3199; x_wconf 89' lang='lat' dir='ltr'><strong>propter</strong></span> 
     </span>
     <span class='ocr_line' id='line_1_23' title="bbox 397 3211 1629 3280; baseline 0 -16"><span class='ocrx_word' id='word_1_128' title='bbox 397 3217 554 3264; x_wconf 78' lang='lat' dir='ltr'><strong>Moschicnis</strong></span> <span class='ocrx_word' id='word_1_129' title='bbox 579 3211 675 3265; x_wconf 83' lang='lat' dir='ltr'><strong>numen</strong></span> <span class='ocrx_word' id='word_1_130' title='bbox 697 3220 804 3280; x_wconf 86' lang='lat' dir='ltr'><strong>saepius</strong></span> <span class='ocrx_word' id='word_1_131' title='bbox 826 3219 933 3267; x_wconf 83' lang='lat' dir='ltr'><strong>obvium</strong></span> <span class='ocrx_word' id='word_1_132' title='bbox 953 3223 980 3267; x_wconf 86' lang='lat' dir='ltr'><strong>et</strong></span> <span class='ocrx_word' id='word_1_133' title='bbox 998 3219 1143 3279; x_wconf 86' lang='lat' dir='ltr'><strong>chlamydis</strong></span> <span class='ocrx_word' id='word_1_134' title='bbox 1165 3217 1289 3278; x_wconf 80' lang='lat' dir='ltr'><strong>ensisque</strong></span> <span class='ocrx_word' id='word_1_135' title='bbox 1312 3220 1471 3267; x_wconf 89' lang='lat' dir='ltr'><strong>mentionem</strong></span> <span class='ocrx_word' id='word_1_136' title='bbox 1493 3218 1539 3278; x_wconf 82' lang='lat' dir='ltr'><strong>(of.</strong></span> <span class='ocrx_word' id='word_1_137' title='bbox 1558 3218 1629 3266; x_wconf 78' lang='lat' dir='ltr'><strong>Sam.</strong></span> 
     </span>
     <span class='ocr_line' id='line_1_24' title="bbox 398 3295 1629 3356; baseline -0.002 -11"><span class='ocrx_word' id='word_1_138' title='bbox 398 3299 447 3345; x_wconf 80' lang='lat'><strong>314</strong></span> <span class='ocrx_word' id='word_1_139' title='bbox 472 3299 531 3356; x_wconf 61' lang='lat' dir='ltr'><strong>eqd.</strong></span> <span class='ocrx_word' id='word_1_140' title='bbox 558 3297 640 3354; x_wconf 81' lang='lat' dir='ltr'><strong>Quem</strong></span> <span class='ocrx_word' id='word_1_141' title='bbox 667 3311 767 3345; x_wconf 89' lang='lat' dir='ltr'><strong>errasse</strong></span> <span class='ocrx_word' id='word_1_142' title='bbox 793 3310 853 3346; x_wconf 89' lang='lat' dir='ltr'><strong>cum</strong></span> <span class='ocrx_word' id='word_1_143' title='bbox 879 3295 1033 3355; x_wconf 88' lang='lat' dir='ltr'><strong>sensissem,</strong></span> <span class='ocrx_word' id='word_1_144' title='bbox 1059 3298 1092 3345; x_wconf 87' lang='lat' dir='ltr'><strong>ad</strong></span> <span class='ocrx_word' id='word_1_145' title='bbox 1115 3295 1324 3346; x_wconf 85' lang='lat' dir='ltr'><strong>Oircumtcnsam</strong></span> <span class='ocrx_word' id='word_1_146' title='bbox 1349 3302 1437 3346; x_wconf 87' lang='lat' dir='ltr'><strong>autem</strong></span> <span class='ocrx_word' id='word_1_147' title='bbox 1460 3296 1629 3344; x_wconf 86' lang='lat' dir='ltr'><strong>referendum</strong></span> 
     </span>
     <span class='ocr_line' id='line_1_25' title="bbox 397 3373 1629 3436; baseline 0 -14"><span class='ocrx_word' id='word_1_148' title='bbox 397 3374 527 3436; x_wconf 88' lang='lat' dir='ltr'><strong>suspicari</strong></span> <span class='ocrx_word' id='word_1_149' title='bbox 550 3377 704 3436; x_wconf 86' lang='lat' dir='ltr'><strong>coepissem,</strong></span> <span class='ocrx_word' id='word_1_150' title='bbox 723 3390 784 3424; x_wconf 85' lang='lat' dir='ltr'><strong>mox</strong></span> <span class='ocrx_word' id='word_1_151' title='bbox 802 3374 967 3424; x_wconf 85' lang='lat' dir='ltr'><strong>confirmarit</strong></span> <span class='ocrx_word' id='word_1_152' title='bbox 985 3377 1160 3424; x_wconf 88' lang='lat' dir='ltr'><strong>coniecturam</strong></span> <span class='ocrx_word' id='word_1_153' title='bbox 1180 3377 1310 3425; x_wconf 88' lang='lat' dir='ltr'><strong>scholium</strong></span> <span class='ocrx_word' id='word_1_154' title='bbox 1327 3377 1360 3424; x_wconf 88' lang='lat' dir='ltr'><strong>ad</strong></span> <span class='ocrx_word' id='word_1_155' title='bbox 1377 3379 1419 3424; x_wconf 80' lang='lat' dir='ltr'><strong>Ar.</strong></span> <span class='ocrx_word' id='word_1_156' title='bbox 1437 3375 1506 3424; x_wconf 89' lang='lat' dir='ltr'><strong>Plut.</strong></span> <span class='ocrx_word' id='word_1_157' title='bbox 1524 3378 1565 3434; x_wconf 74' lang='lat' dir='ltr'><strong>ut,</strong></span> <span class='ocrx_word' id='word_1_158' title='bbox 1580 3373 1629 3423; x_wconf 90' lang='lat' dir='ltr'><strong>ubi</strong></span> 
     </span>
     <span class='ocr_line' id='line_1_26' title="bbox 397 3453 1628 3514; baseline 0.001 -12"><span class='ocrx_word' id='word_1_159' title='bbox 397 3468 489 3502; x_wconf 86' lang='lat' dir='ltr'><strong>versus</strong></span> <span class='ocrx_word' id='word_1_160' title='bbox 516 3456 563 3503; x_wconf 76' lang='lat' dir='ltr'><strong>lta</strong></span> <span class='ocrx_word' id='word_1_161' title='bbox 589 3461 642 3514; x_wconf 85' lang='lat' dir='ltr'><strong>sq.·</strong></span> <span class='ocrx_word' id='word_1_162' title='bbox 668 3457 811 3503; x_wconf 85' lang='lat' dir='ltr'><strong>afferuntur</strong></span> <span class='ocrx_word' id='word_1_163' title='bbox 838 3469 868 3511; x_wconf 86' lang='lat' dir='ltr'><strong>„e</strong></span> <span class='ocrx_word' id='word_1_164' title='bbox 893 3455 1030 3502; x_wconf 80' lang='lat' dir='ltr'><strong>Menandri</strong></span> <span class='ocrx_word' id='word_1_165' title='bbox 1054 3456 1261 3504; x_wconf 87' lang='lat' dir='ltr'><strong>Oircumtonsa.”</strong></span> <span class='ocrx_word' id='word_1_166' title='bbox 1281 3456 1355 3513; x_wconf 83' lang='lat' dir='ltr'><strong>Quod</strong></span> <span class='ocrx_word' id='word_1_167' title='bbox 1378 3456 1506 3504; x_wconf 90' lang='lat' dir='ltr'><strong>scholium</strong></span> <span class='ocrx_word' id='word_1_168' title='bbox 1527 3453 1554 3501; x_wconf 89' lang='lat' dir='ltr'><strong>in</strong></span> <span class='ocrx_word' id='word_1_169' title='bbox 1571 3455 1628 3503; x_wconf 93' lang='lat' dir='ltr'><strong>solo</strong></span> 
     </span>
     <span class='ocr_line' id='line_1_27' title="bbox 398 3532 1629 3583; baseline 0 -1"><span class='ocrx_word' id='word_1_170' title='bbox 398 3535 487 3582; x_wconf 87' lang='lat' dir='ltr'><strong>codice</strong></span> <span class='ocrx_word' id='word_1_171' title='bbox 513 3535 533 3583; x_wconf 81' lang='lat' dir='ltr'><strong>V</strong></span> <span class='ocrx_word' id='word_1_172' title='bbox 559 3537 692 3581; x_wconf 87' lang='lat' dir='ltr'><strong>serratum</strong></span> <span class='ocrx_word' id='word_1_173' title='bbox 719 3537 746 3581; x_wconf 88' lang='lat' dir='ltr'><strong>et</strong></span> <span class='ocrx_word' id='word_1_174' title='bbox 771 3533 798 3581; x_wconf 92' lang='lat' dir='ltr'><strong>in</strong></span> <span class='ocrx_word' id='word_1_175' title='bbox 822 3532 952 3582; x_wconf 89' lang='lat' dir='ltr'><strong>Dindorfli</strong></span> <span class='ocrx_word' id='word_1_176' title='bbox 975 3532 1136 3582; x_wconf 88' lang='lat' dir='ltr'><strong>scholiorum</strong></span> <span class='ocrx_word' id='word_1_177' title='bbox 1159 3533 1274 3583; x_wconf 88' lang='lat' dir='ltr'><strong>editione</strong></span> <span class='ocrx_word' id='word_1_178' title='bbox 1299 3536 1422 3583; x_wconf 86' lang='lat' dir='ltr'><strong>cancellis</strong></span> <span class='ocrx_word' id='word_1_179' title='bbox 1439 3533 1569 3582; x_wconf 88' lang='lat' dir='ltr'><strong>inclusum</strong></span> <span class='ocrx_word' id='word_1_180' title='bbox 1587 3538 1629 3583; x_wconf 88' lang='lat' dir='ltr'><strong>est</strong></span> 
     </span>
     <span class='ocr_line' id='line_1_28' title="bbox 397 3603 1632 3675; baseline -0.001 -13"><span class='ocrx_word' id='word_1_181' title='bbox 397 3628 484 3674; x_wconf 91' lang='lat' dir='ltr'><strong>neque</strong></span> <span class='ocrx_word' id='word_1_182' title='bbox 502 3616 723 3661; x_wconf 81' lang='lat' dir='ltr'><strong>commemoratur</strong></span> <span class='ocrx_word' id='word_1_183' title='bbox 740 3613 773 3660; x_wconf 83' lang='lat' dir='ltr'><strong>ab</strong></span> <span class='ocrx_word' id='word_1_184' title='bbox 791 3612 864 3661; x_wconf 88' lang='lat' dir='ltr'><strong>eoin</strong></span> <span class='ocrx_word' id='word_1_185' title='bbox 882 3603 1159 3675; x_wconf 68' lang='lat' dir='ltr'><strong>Indice&#39;scriptorum.</strong></span> <span class='ocrx_word' id='word_1_186' title='bbox 1172 3616 1266 3674; x_wconf 86' lang='lat' dir='ltr'><strong>Itaque</strong></span> <span class='ocrx_word' id='word_1_187' title='bbox 1281 3615 1458 3674; x_wconf 81' lang='lat' dir='ltr'><strong>fragmentum</strong></span> <span class='ocrx_word' id='word_1_188' title='bbox 1471 3615 1497 3661; x_wconf 93' lang='lat' dir='ltr'><strong>in</strong></span> <span class='ocrx_word' id='word_1_189' title='bbox 1506 3613 1632 3661; x_wconf 78' lang='lat' dir='ltr'><strong>Meiuelrii</strong></span> 
     </span>
     <span class='ocr_line' id='line_1_29' title="bbox 397 3693 1631 3754; baseline 0.001 -13"><span class='ocrx_word' id='word_1_190' title='bbox 397 3694 540 3752; x_wconf 84' lang='lat' dir='ltr'><strong>Kockiique</strong></span> <span class='ocrx_word' id='word_1_191' title='bbox 563 3693 695 3740; x_wconf 88' lang='lat' dir='ltr'><strong>editiones</strong></span> <span class='ocrx_word' id='word_1_192' title='bbox 717 3706 768 3740; x_wconf 92' lang='lat' dir='ltr'><strong>non</strong></span> <span class='ocrx_word' id='word_1_193' title='bbox 792 3697 929 3753; x_wconf 85' lang='lat' dir='ltr'><strong>receptum</strong></span> <span class='ocrx_word' id='word_1_194' title='bbox 952 3693 1031 3741; x_wconf 85' lang='lat' dir='ltr'><strong>latuit</strong></span> <span class='ocrx_word' id='word_1_195' title='bbox 1052 3693 1237 3751; x_wconf 80' lang='lat' dir='ltr'><strong>Lefeburium3</strong></span> <span class='ocrx_word' id='word_1_196' title='bbox 1260 3707 1419 3754; x_wconf 87' lang='lat' dir='ltr'><strong>quamquam</strong></span> <span class='ocrx_word' id='word_1_197' title='bbox 1440 3694 1631 3742; x_wconf 86' lang='lat' dir='ltr'><strong>sIernstedtio</strong></span> 
     </span>
     <span class='ocr_line' id='line_1_30' title="bbox 397 3770 1631 3838; baseline -0.001 -18"><span class='ocrx_word' id='word_1_198' title='bbox 397 3775 459 3822; x_wconf 92' lang='lat' dir='ltr'><strong>olirn</strong></span> <span class='ocrx_word' id='word_1_199' title='bbox 475 3774 618 3821; x_wconf 85' lang='lat' dir='ltr'><strong>indicatum</strong></span> <span class='ocrx_word' id='word_1_200' title='bbox 638 3770 682 3838; x_wconf 81' lang='lat' dir='ltr'><strong>(cf.</strong></span> <span class='ocrx_word' id='word_1_201' title='bbox 700 3774 791 3828; x_wconf 82' lang='lat' dir='ltr'><strong>Nauck</strong></span> <span class='ocrx_word' id='word_1_202' title='bbox 807 3773 867 3822; x_wconf 77' lang='lat' dir='ltr'><strong>Met.</strong></span> <span class='ocrx_word' id='word_1_203' title='bbox 886 3774 930 3822; x_wconf 85' lang='lat' dir='ltr'><strong>Gr.</strong></span> <span class='ocrx_word' id='word_1_204' title='bbox 948 3775 977 3822; x_wconf 86' lang='lat' dir='ltr'><strong>R.</strong></span> <span class='ocrx_word' id='word_1_205' title='bbox 993 3774 1027 3822; x_wconf 83' lang='lat' dir='ltr'><strong>VI</strong></span> <span class='ocrx_word' id='word_1_206' title='bbox 1044 3788 1070 3835; x_wconf 89' lang='lat' dir='ltr'><strong>p.</strong></span> <span class='ocrx_word' id='word_1_207' title='bbox 1090 3776 1150 3835; x_wconf 75' lang='lat'>11³)</span> <span class='ocrx_word' id='word_1_208' title='bbox 1168 3775 1293 3823; x_wconf 84' lang='lat' dir='ltr'><strong>attulerat</strong></span> <span class='ocrx_word' id='word_1_209' title='bbox 1310 3774 1478 3821; x_wconf 89' lang='lat' dir='ltr'><strong>Kretschmar</strong></span> <span class='ocrx_word' id='word_1_210' title='bbox 1491 3772 1519 3819; x_wconf 90' lang='lat' dir='ltr'><strong>in</strong></span> <span class='ocrx_word' id='word_1_211' title='bbox 1533 3773 1631 3820; x_wconf 88' lang='lat' dir='ltr'><strong>disser-</strong></span> 
     </span>
     <span class='ocr_line' id='line_1_31' title="bbox 397 3850 1631 3915; baseline -0.002 -14"><span class='ocrx_word' id='word_1_212' title='bbox 397 3855 495 3901; x_wconf 85' lang='lat' dir='ltr'><strong>tatione</strong></span> <span class='ocrx_word' id='word_1_213' title='bbox 513 3853 546 3901; x_wconf 93' lang='lat' dir='ltr'><strong>de</strong></span> <span class='ocrx_word' id='word_1_214' title='bbox 564 3850 701 3901; x_wconf 78' lang='lat' dir='ltr'><strong>Menandri</strong></span> <span class='ocrx_word' id='word_1_215' title='bbox 718 3853 836 3912; x_wconf 88' lang='lat' dir='ltr'><strong>reliquiis</strong></span> <span class='ocrx_word' id='word_1_216' title='bbox 857 3867 942 3914; x_wconf 89' lang='lat' dir='ltr'><strong>nuper</strong></span> <span class='ocrx_word' id='word_1_217' title='bbox 958 3855 1070 3914; x_wconf 88' lang='lat' dir='ltr'><strong>repertis</strong></span> <span class='ocrx_word' id='word_1_218' title='bbox 1088 3851 1172 3915; x_wconf 73' lang='lat' dir='ltr'><strong>(Lipa</strong></span> <span class='ocrx_word' id='word_1_219' title='bbox 1191 3854 1268 3914; x_wconf 78' lang='lat'>1906)</span> <span class='ocrx_word' id='word_1_220' title='bbox 1285 3867 1311 3914; x_wconf 87' lang='lat' dir='ltr'><strong>p.</strong></span> <span class='ocrx_word' id='word_1_221' title='bbox 1330 3855 1386 3900; x_wconf 90' lang='grc'><strong>106.</strong></span> <span class='ocrx_word' id='word_1_222' title='bbox 1401 3852 1477 3912; x_wconf 78' lang='lat' dir='ltr'><strong>Apud</strong></span> <span class='ocrx_word' id='word_1_223' title='bbox 1491 3850 1631 3912; x_wconf 86' lang='lat' dir='ltr'><strong>quemuisi</strong></span> 
     </span>
     <span class='ocr_line' id='line_1_32' title="bbox 397 3929 1632 3994; baseline 0 -16"><span class='ocrx_word' id='word_1_224' title='bbox 397 3930 584 3993; x_wconf 88' lang='lat' dir='ltr'><strong>repperissem,</strong></span> <span class='ocrx_word' id='word_1_225' title='bbox 600 3946 643 3980; x_wconf 87' lang='lat' dir='ltr'><strong>me</strong></span> <span class='ocrx_word' id='word_1_226' title='bbox 661 3945 766 3993; x_wconf 90' lang='lat' dir='ltr'><strong>quoque</strong></span> <span class='ocrx_word' id='word_1_227' title='bbox 785 3933 906 3992; x_wconf 86' lang='lat' dir='ltr'><strong>fugisset,</strong></span> <span class='ocrx_word' id='word_1_228' title='bbox 923 3936 954 3987; x_wconf 84' lang='lat' dir='ltr'><strong>ut</strong></span> <span class='ocrx_word' id='word_1_229' title='bbox 971 3934 1072 3994; x_wconf 84' lang='lat' dir='ltr'><strong>opinor,</strong></span> <span class='ocrx_word' id='word_1_230' title='bbox 1085 3933 1136 3981; x_wconf 85' lang='lat' dir='ltr'><strong>hoc</strong></span> <span class='ocrx_word' id='word_1_231' title='bbox 1153 3934 1341 3991; x_wconf 85' lang='lat' dir='ltr'><strong>testimonium,</strong></span> <span class='ocrx_word' id='word_1_232' title='bbox 1359 3933 1429 3992; x_wconf 91' lang='lat' dir='ltr'><strong>quod</strong></span> <span class='ocrx_word' id='word_1_233' title='bbox 1442 3929 1576 3992; x_wconf 77' lang='lat' dir='ltr'><strong>quantivis</strong></span> <span class='ocrx_word' id='word_1_234' title='bbox 1590 3935 1632 3979; x_wconf 91' lang='lat' dir='ltr'><strong>est</strong></span> 
     </span>
     <span class='ocr_line' id='line_1_33' title="bbox 397 4010 1630 4073; baseline 0 -14"><span class='ocrx_word' id='word_1_235' title='bbox 397 4013 483 4073; x_wconf 86' lang='lat' dir='ltr'><strong>pretii.</strong></span> <span class='ocrx_word' id='word_1_236' title='bbox 508 4037 538 4047; x_wconf 94' lang='lat'>-</span> <span class='ocrx_word' id='word_1_237' title='bbox 563 4012 601 4059; x_wconf 81' lang='lat' dir='ltr'><strong>Ad</strong></span> <span class='ocrx_word' id='word_1_238' title='bbox 624 4012 831 4060; x_wconf 76' lang='lat' dir='ltr'><strong>circumtonsam</strong></span> <span class='ocrx_word' id='word_1_239' title='bbox 853 4013 1021 4061; x_wconf 83' lang='lat' dir='ltr'><strong>referendum</strong></span> <span class='ocrx_word' id='word_1_240' title='bbox 1040 4027 1098 4061; x_wconf 84' lang='lat' dir='ltr'><strong>esse</strong></span> <span class='ocrx_word' id='word_1_241' title='bbox 1116 4016 1236 4061; x_wconf 86' lang='lat' dir='ltr'><strong>senserat</strong></span> <span class='ocrx_word' id='word_1_242' title='bbox 1252 4016 1311 4060; x_wconf 88' lang='lat' dir='ltr'><strong>ante</strong></span> <span class='ocrx_word' id='word_1_243' title='bbox 1329 4026 1370 4060; x_wconf 91' lang='lat' dir='ltr'><strong>me</strong></span> <span class='ocrx_word' id='word_1_244' title='bbox 1388 4010 1515 4072; x_wconf 86' lang='lat' dir='ltr'><strong>Legrand,</strong></span> <span class='ocrx_word' id='word_1_245' title='bbox 1532 4011 1630 4059; x_wconf 80' lang='lat' dir='ltr'><strong>collato</strong></span> 
     </span>
     <span class='ocr_line' id='line_1_34' title="bbox 397 4089 1404 4152; baseline -0.001 -14"><span class='ocrx_word' id='word_1_246' title='bbox 397 4092 497 4138; x_wconf 88' lang='lat' dir='ltr'><strong>scholio</strong></span> <span class='ocrx_word' id='word_1_247' title='bbox 514 4089 704 4152; x_wconf 77' lang='lat' dir='ltr'><strong>Aristophaneo</strong></span> <span class='ocrx_word' id='word_1_248' title='bbox 723 4093 814 4140; x_wconf 86' lang='lat' dir='ltr'><strong>eodem</strong></span> <span class='ocrx_word' id='word_1_249' title='bbox 832 4095 952 4152; x_wconf 88' lang='lat' dir='ltr'><strong>ternpore</strong></span> <span class='ocrx_word' id='word_1_250' title='bbox 969 4106 1073 4142; x_wconf 88' lang='lat' dir='ltr'><strong>mecum</strong></span> <span class='ocrx_word' id='word_1_251' title='bbox 1091 4094 1195 4141; x_wconf 86' lang='lat' dir='ltr'><strong>rettulit</strong></span> <span class='ocrx_word' id='word_1_252' title='bbox 1213 4089 1404 4142; x_wconf 76' lang='lat' dir='ltr'><strong>vwilsmowitz.</strong></span> 
     </span>
    </p>

    <p class='ocr_par' dir='ltr' id='par_1_13' title="bbox 431 4168 1240 4232">
     <span class='ocr_line' id='line_1_35' title="bbox 431 4168 1240 4232; baseline 0.004 -15"><span class='ocrx_word' id='word_1_253' title='bbox 431 4168 453 4230; x_wconf 85' lang='lat'><strong>²)</strong></span> <span class='ocrx_word' id='word_1_254' title='bbox 470 4171 528 4218; x_wconf 89' lang='lat' dir='ltr'><strong>Duo</strong></span> <span class='ocrx_word' id='word_1_255' title='bbox 545 4171 702 4229; x_wconf 87' lang='lat' dir='ltr'><strong>fragmenta,</strong></span> <span class='ocrx_word' id='word_1_256' title='bbox 720 4185 772 4218; x_wconf 91' lang='lat' dir='ltr'><strong>non</strong></span> <span class='ocrx_word' id='word_1_257' title='bbox 790 4184 871 4219; x_wconf 91' lang='lat' dir='ltr'><strong>unurn</strong></span> <span class='ocrx_word' id='word_1_258' title='bbox 890 4185 949 4219; x_wconf 91' lang='lat' dir='ltr'><strong>esse</strong></span> <span class='ocrx_word' id='word_1_259' title='bbox 967 4173 1079 4232; x_wconf 84' lang='lat' dir='ltr'><strong>putabat</strong></span> <span class='ocrx_word' id='word_1_260' title='bbox 1097 4173 1154 4220; x_wconf 83' lang='lat' dir='ltr'><strong>Lei.</strong></span> <span class='ocrx_word' id='word_1_261' title='bbox 1238 4223 1240 4227; x_wconf 75' lang='grc'>,</span> 
     </span>
    </p>

    <p class='ocr_par' dir='ltr' id='par_1_14' title="bbox 431 4246 1192 4309">
     <span class='ocr_line' id='line_1_36' title="bbox 431 4246 1192 4309; baseline 0.005 -14"><span class='ocrx_word' id='word_1_262' title='bbox 431 4246 451 4309; x_wconf 85' lang='lat'><strong>³)</strong></span> <span class='ocrx_word' id='word_1_263' title='bbox 468 4250 545 4296; x_wconf 88' lang='lat' dir='ltr'><strong>Doris</strong></span> <span class='ocrx_word' id='word_1_264' title='bbox 563 4251 626 4308; x_wconf 89' lang='lat' dir='ltr'><strong>quin</strong></span> <span class='ocrx_word' id='word_1_265' title='bbox 642 4251 734 4298; x_wconf 90' lang='lat' dir='ltr'><strong>heram</strong></span> <span class='ocrx_word' id='word_1_266' title='bbox 751 4251 787 4297; x_wconf 90' lang='lat' dir='ltr'><strong>sit</strong></span> <span class='ocrx_word' id='word_1_267' title='bbox 804 4249 929 4298; x_wconf 85' lang='lat' dir='ltr'><strong>comitata</strong></span> <span class='ocrx_word' id='word_1_268' title='bbox 947 4265 999 4298; x_wconf 89' lang='lat' dir='ltr'><strong>non</strong></span> <span class='ocrx_word' id='word_1_269' title='bbox 1017 4255 1057 4300; x_wconf 92' lang='lat' dir='ltr'><strong>est</strong></span> <span class='ocrx_word' id='word_1_270' title='bbox 1076 4253 1192 4300; x_wconf 90' lang='lat' dir='ltr'><strong>dubium.</strong></span> 
     </span>
    </p>
   </div>
   <div class='ocr_carea' id='block_1_6' title="bbox 397 4381 1628 4685">
    <p class='ocr_par' dir='ltr' id='par_1_15' title="bbox 397 4381 1628 4685">
     <span class='ocr_line' id='line_1_37' title="bbox 439 4381 1626 4449; baseline -0.003 -13"><span class='ocrx_word' id='word_1_271' title='bbox 439 4381 486 4436; x_wconf 82' lang='lat'><strong>67.</strong></span> <span class='ocrx_word' id='word_1_272' title='bbox 499 4382 582 4434; x_wconf 81' lang='grc' dir='ltr'><strong><em>οὐδὲν</em></strong></span> <span class='ocrx_word' id='word_1_273' title='bbox 591 4382 701 4448; x_wconf 87' lang='grc' dir='ltr'><strong><em>πιστόν]</em></strong></span> <span class='ocrx_word' id='word_1_274' title='bbox 710 4381 789 4436; x_wconf 82' lang='lat' dir='ltr'><strong>idem</strong></span> <span class='ocrx_word' id='word_1_275' title='bbox 800 4381 987 4436; x_wconf 79' lang='lat' dir='ltr'><strong>ususneutri</strong></span> <span class='ocrx_word' id='word_1_276' title='bbox 1037 4383 1060 4435; x_wconf 83' lang='grc' dir='ltr'>ὡ</span> <span class='ocrx_word' id='word_1_277' title='bbox 1088 4388 1172 4436; x_wconf 83' lang='grc' dir='ltr'><strong><em>πᾶσιν</em></strong></span> <span class='ocrx_word' id='word_1_278' title='bbox 1199 4383 1387 4449; x_wconf 84' lang='grc' dir='ltr'><strong><em>ἀνθρώποισιν</em></strong></span> <span class='ocrx_word' id='word_1_279' title='bbox 1416 4383 1535 4447; x_wconf 86' lang='grc' dir='ltr'><strong><em>ἔχθιστοι</em></strong></span> <span class='ocrx_word' id='word_1_280' title='bbox 1561 4385 1626 4447; x_wconf 90' lang='grc' dir='ltr'><strong><em>βρο-</em></strong></span> 
     </span>
     <span class='ocr_line' id='line_1_38' title="bbox 397 4472 1628 4548; baseline 0.002 -21"><span class='ocrx_word' id='word_1_281' title='bbox 397 4473 428 4527; x_wconf 89' lang='lat' dir='ltr'><strong>in</strong></span> <span class='ocrx_word' id='word_1_282' title='bbox 457 4472 609 4528; x_wconf 80' lang='lat' dir='ltr'><strong>locutione</strong></span> <span class='ocrx_word' id='word_1_283' title='bbox 638 4474 721 4527; x_wconf 82' lang='grc' dir='ltr'><strong><em>οὐδὲν</em></strong></span> <span class='ocrx_word' id='word_1_284' title='bbox 749 4474 838 4543; x_wconf 82' lang='grc' dir='ltr'><strong><em>ὑγιές,</em></strong></span> <span class='ocrx_word' id='word_1_285' title='bbox 866 4488 892 4529; x_wconf 80' lang='lat' dir='ltr'><strong>e,</strong></span> <span class='ocrx_word' id='word_1_286' title='bbox 905 4487 933 4541; x_wconf 83' lang='lat' dir='ltr'><strong>g.</strong></span> <span class='ocrx_word' id='word_1_287' title='bbox 956 4473 987 4528; x_wconf 86' lang='lat' dir='ltr'><strong>in</strong></span> <span class='ocrx_word' id='word_1_288' title='bbox 1036 4480 1095 4528; x_wconf 84' lang='grc' dir='ltr'><strong>τῶν</strong></span> <span class='ocrx_word' id='word_1_289' title='bbox 1119 4478 1123 4548; x_wconf 64' lang='lat' dir='ltr'><strong>t</strong></span> <span class='ocrx_word' id='word_1_290' title='bbox 1149 4475 1214 4541; x_wconf 85' lang='grc' dir='ltr'><strong><em>κτὲ.,</em></strong></span> <span class='ocrx_word' id='word_1_291' title='bbox 1243 4475 1456 4541; x_wconf 83' lang='grc' dir='ltr'><strong><em>μηχανορράφοι</em></strong></span> <span class='ocrx_word' id='word_1_292' title='bbox 1477 4477 1588 4539; x_wconf 85' lang='grc' dir='ltr'><strong><em>κακῶν,</em></strong></span> <span class='ocrx_word' id='word_1_293' title='bbox 1624 4472 1628 4530; x_wconf 94' lang='grc' dir='ltr'>Ι</span> 
     </span>
     <span class='ocr_line' id='line_1_39' title="bbox 397 4559 1389 4685; baseline 0.002 -66"><span class='ocrx_word' id='word_1_294' title='bbox 397 4566 537 4620; x_wconf 84' lang='lat' dir='ltr'><strong>versibus</strong></span> <span class='ocrx_word' id='word_1_295' title='bbox 559 4564 730 4634; x_wconf 77' lang='lat' dir='ltr'><strong>Euripidem</strong></span> <span class='ocrx_word' id='word_1_296' title='bbox 748 4567 787 4663; x_wconf 84' lang='lat' dir='ltr'><strong>de</strong></span> <span class='ocrx_word' id='word_1_297' title='bbox 808 4565 987 4635; x_wconf 83' lang='lat' dir='ltr'><strong>Spartiatis:</strong></span> <span class='ocrx_word' id='word_1_298' title='bbox 1009 4559 1014 4685; x_wconf 62' lang='grc' dir='ltr'><strong><em>η</em></strong></span> <span class='ocrx_word' id='word_1_299' title='bbox 1038 4568 1130 4622; x_wconf 78' lang='grc' dir='ltr'><strong>ἑλικτὰ</strong></span> <span class='ocrx_word' id='word_1_300' title='bbox 1151 4568 1251 4621; x_wconf 80' lang='grc' dir='ltr'><strong>κούδὲν</strong></span> <span class='ocrx_word' id='word_1_301' title='bbox 1273 4568 1346 4632; x_wconf 84' lang='grc' dir='ltr'><strong><em>ὑγιές</em></strong></span> <span class='ocrx_word' id='word_1_302' title='bbox 1358 4562 1389 4632; x_wconf 80' lang='lat'><strong>1).</strong></span> 
     </span>
    </p>
   </div>
   <div class='ocr_carea' id='block_1_7' title="bbox 432 4732 1303 4814">
    <p class='ocr_par' dir='ltr' id='par_1_16' title="bbox 432 4732 1303 4814">
     <span class='ocr_line' id='line_1_40' title="bbox 432 4732 1303 4814; baseline 0 -14"><span class='ocrx_word' id='word_1_303' title='bbox 432 4749 452 4813; x_wconf 88' lang='lat'><strong>¹)</strong></span> <span class='ocrx_word' id='word_1_304' title='bbox 470 4732 531 4800; x_wconf 81' lang='lat' dir='ltr'><strong>Eur.</strong></span> <span class='ocrx_word' id='word_1_305' title='bbox 545 4753 627 4812; x_wconf 66' lang='lat' dir='ltr'><strong>¹Andr.</strong></span> <span class='ocrx_word' id='word_1_306' title='bbox 644 4755 694 4801; x_wconf 82' lang='lat'><strong>445</strong></span> <span class='ocrx_word' id='word_1_307' title='bbox 713 4766 770 4814; x_wconf 90' lang='lat' dir='ltr'><strong>sqq.</strong></span> <span class='ocrx_word' id='word_1_308' title='bbox 776 4767 784 4811; x_wconf 86' lang='lat'>;</span> <span class='ocrx_word' id='word_1_309' title='bbox 802 4753 837 4801; x_wconf 90' lang='lat' dir='ltr'><strong>cf.</strong></span> <span class='ocrx_word' id='word_1_310' title='bbox 854 4755 897 4801; x_wconf 77' lang='lat' dir='ltr'><strong>Ar.</strong></span> <span class='ocrx_word' id='word_1_311' title='bbox 915 4754 978 4801; x_wconf 77' lang='lat' dir='ltr'><strong>Ach.</strong></span> <span class='ocrx_word' id='word_1_312' title='bbox 998 4755 1046 4801; x_wconf 79' lang='lat'><strong>956</strong></span> <span class='ocrx_word' id='word_1_313' title='bbox 1066 4757 1093 4801; x_wconf 86' lang='lat' dir='ltr'><strong>st</strong></span> <span class='ocrx_word' id='word_1_314' title='bbox 1108 4767 1189 4814; x_wconf 86' lang='lat' dir='ltr'><strong>snpra</strong></span> <span class='ocrx_word' id='word_1_315' title='bbox 1206 4736 1244 4801; x_wconf 74' lang='lat' dir='ltr'><strong>vs.</strong></span> <span class='ocrx_word' id='word_1_316' title='bbox 1263 4755 1303 4802; x_wconf 79' lang='lat'><strong>24.</strong></span> 
     </span>
    </p>
   </div>
   <div class='ocr_carea' id='block_1_8' title="bbox 0 0 1880 5492">
    <p class='ocr_par' dir='ltr' id='par_1_17' title="bbox 0 0 1880 5492">
     <span class='ocr_line' id='line_1_41' title="bbox 0 0 1880 5492; baseline 0 0"><span class='ocrx_word' id='word_1_317' title='bbox 0 0 1880 5492; x_wconf 95' lang='lat' dir='ltr'><strong> </strong></span> 
     </span>
    </p>
   </div>
  </div>
 </body>
</html>
