3750 5492
850 666 1099 712 DrsenPrAurns.
1199 734 1214 749 ⁸

857 839 1100 898 ΟΝΗΣΙΜΟΣ.

587 949 626 1031 „ti
650 953 743 1028 φύσις
765 947 917 1032 ἐβούλεθ’,
939 945 959 1036 ᾖ
983 950 1086 1029 νόμων
1110 947 1201 1011 οὐδὲν
1224 948 1312 1029 μέχρι·

589 1064 685 1148 »γυνὴ
710 1062 737 1127 δ’
764 1061 805 1127 ἐπ’
832 1065 913 1150 αὐτῷ
937 1060 1010 1150 τῷδ’
1035 1063 1122 1144 ἔφυ“,

851 1256 1111 1314 ΣΜΙΚΡΙΝΗΣ.

1145 1367 1188 1446 τί,
1210 1376 1309 1448 μῶρος
1332 1361 1374 1443 εἷ;

859 1534 1102 1592 ΟΝΗΣΙΜΟΣ.

589 1646 733 1729 τραγικὴν
756 1646 813 1727 ἐρῶ
838 1663 885 1709 σοι
908 1645 996 1726 ῥῆσιν
1020 1644 1049 1720 ἐξ
1073 1644 1179 1727 Αὐγῆς
1202 1643 1286 1725 ὅλην,

589 1759 627 1823 ἂν
651 1757 751 1841 μηκέτ’
778 1761 889 1846 αἴσθῃ,
911 1761 1073 1841 Σμικρίνη.

853 1951 1112 2009 ΣΜΙΚΡΙΝΗΣ.

1102 2063 1139 2124 σύ
1164 2085 1215 2141 μοι
1237 2060 1329 2142 χολὴν

590 2184 683 2251 κινεῖς
706 2177 945 2255 παθαινόμενος.
970 2213 1010 2223 -
1036 2177 1073 2239 σὺ
1096 2176 1153 2258 γὰρ
1176 2172 1283 2257 σφόδρ’
1309 2170 1391 2240 οἷσθ’
1418 2176 1435 2238 ὅ
1457 2201 1484 2238 τι

370 2296 434 2356 530
591 2285 681 2365 οὗτος
703 2290 781 2374 λέγει
805 2300 879 2366 νῦν;

372 2459 1588 2470 υ-ψ--κ-ψ-α-ᾑ--ᾑ-Μ--ηη

402 2518 450 2564 525
468 2521 520 2575 eq.⁸
537 2519 564 2562 et
582 2516 629 2562 527
649 2520 702 2574 sq.⁸
719 2513 801 2562 *Dedi
819 2515 951 2572 onesimo,
967 2515 1023 2562 Lei.
1041 2515 1199 2574 Sophronee.

403 2598 460 2643 528.
478 2593 586 2656 *μηκέτἹ
608 2610 688 2654 equos
711 2595 778 2652 eod,
800 2593 847 2641 sed
869 2607 901 2640 no
923 2596 1008 2641 sertas
1030 2607 1081 2641 non
1105 2607 1162 2642 esse
1180 2595 1282 2641 litterae
1299 2590 1392 2640 scribit
1407 2592 1474 2652 Lei,
1488 2597 1521 2652 μή
1538 2593 1591 2640 nor'

321 2668 325 2675 ²
368 2676 449 2723 edens
466 2677 530 2735 ipse.

403 2756 459 2803 529.
478 2750 681 2814 *παθαινόμενος]
699 2753 865 2813 παθαινομένη
882 2752 939 2800 Les.
957 2765 1016 2799 cum
1035 2752 1092 2801 eod.

403 2835 460 2881 530.
479 2831 545 2886 οὗτος
561 2831 666 2892 Nioole]
684 2848 759 2879 ....σ
773 2831 839 2890 eod„
856 2832 926 2886 αὐτὸς
943 2832 1000 2879 Les.

411 3039 479 3093 525.
506 3036 667 3106 Heracles,
695 3037 732 3091 ut
762 3036 839 3092 alter
859 3036 957 3092 (iheri-
1006 3051 1131 3092 versum
1152 3036 1237 3093 dixit.
1259 3036 1315 3105 Qui
1337 3037 1476 3093 trimeter
1497 3038 1529 3092 et
1543 3051 1593 3092 an·

373 3132 451 3201 eius,
487 3145 556 3186 cum
589 3132 619 3185 in
649 3129 794 3186 Arcadiae
826 3130 958 3197 quadam
1006 3129 1095 3185 tehac
1129 3131 1223 3186 notus
1263 3132 1355 3198 etque
1387 3129 1485 3186 clarus
1516 3129 1593 3186 adeo

370 3225 444 3280 urbe
471 3223 587 3279 festum
613 3222 768 3278 Minervae
795 3221 957 3278 celebrare·
1005 3218 1112 3293 suite,
1136 3224 1189 3279 sed
1210 3237 1293 3279 nune
1310 3224 1445 3292 demum,
1464 3222 1594 3292 repertis

370 3320 430 3388 tur,
460 3317 592 3386 appetue
622 3315 684 3369 vim
715 3314 820 3370 intulit
850 3316 958 3383 Augae
1006 3317 1132 3371 nostrae
1169 3316 1288 3372 fabulae
1323 3315 1522 3386 fragmentis,
1557 3317 1595 3372 ad

370 3410 436 3467 Alei
463 3409 545 3478 regis
573 3407 668 3478 filiae,
689 3407 841 3463 Minervae
862 3422 957 3464 saeer-
1006 3409 1116 3477 Augen
1137 3411 1243 3465 drama
1263 3408 1368 3466 referri
1386 3410 1500 3478 potest.
1521 3409 1593 3466 Gau·

370 3505 448 3573 doti,
477 3503 602 3559 choreas
629 3501 660 3556 in
682 3500 839 3556 nocturnis
861 3501 957 3557 saeris
1007 3503 1134 3558 sabatur
1169 3501 1263 3571 igitur
1301 3501 1448 3559 Hercules
1479 3502 1593 3572 Euripi·

370 3595 515 3666 agitanti,
549 3596 581 3649 et
617 3594 709 3649 huius
737 3592 810 3649 furti
842 3595 956 3650 testem
1007 3597 1081 3651 deus
1108 3597 1159 3660 τὰς
1185 3602 1249 3664 τῆς
1263 3598 1377 3663 φύσεως
1398 3597 1533 3663 ἀνάγκας,
1557 3596 1593 3650 de

371 3691 398 3744 ei
435 3688 556 3756 reliquit
594 3687 729 3744 anulum.
768 3686 849 3753 Quae
888 3702 975 3742 eum¹
1006 3689 1116 3756 quibus
1154 3688 1359 3745 disserentem
1397 3689 1593 3744 meminimus
1651 3680 1655 3687 ’

371 3783 496 3850 gravida
526 3781 606 3836 faeta
636 3781 736 3849 esset,
767 3778 844 3834 clam
871 3794 957 3849 pepe·
1006 3781 1161 3837 iniustum
1179 3781 1263 3837 illum
1275 3783 1428 3838 oratorem
1438 3781 1469 3836 in
1480 3780 1595 3836 Aristo·

371 3875 427 3942 rit,
458 3876 494 3929 ut
524 3872 681 3942 Pamphila
708 3874 831 3941 nostra,
860 3873 957 3941 patris
1007 3874 1117 3943 phanis
1139 3875 1278 3930 Nubibus
1290 3871 1320 3941 ³).
1337 3874 1475 3930 Addebat
1488 3875 1593 3930 autem

370 3967 448 4022 iram
468 3965 573 4022 verita.
596 3964 745 4020 Hercules
768 3965 805 4020 ed
826 3979 894 4020 eam
915 3980 957 4021 re·
1006 3970 1057 4022 τὸν
1079 3969 1155 4021 οἶνόν
1177 3971 1190 4022 ἑ
1213 3971 1345 4038 ἐκστῆσαι
1356 3964 1387 4034 4).

372 4061 492 4129 gionem
514 4059 613 4113 denuo
635 4057 754 4112 delatus
775 4072 844 4113 cum
866 4059 901 4112 de
922 4073 959 4114 ea
1048 4060 1115 4115 526.
1138 4060 1250 4115 Similis
1271 4060 1361 4116 dictio
1384 4062 1432 4117 eet
1452 4060 1594 4116 versiculi

371 4168 403 4208 re
430 4166 469 4206 ex
497 4150 589 4205 anulo
617 4151 794 4206 admonitus
823 4153 907 4207 esset
918 4147 957 4222 1),
1007 4152 1194 4208 Menandrei:
1217 4156 1260 4207 ἐπὶ
1281 4156 1362 4208 τοῦτ’
1379 4155 1508 4219 ἐγένοντο
1526 4155 1594 4208 πάν-

371 4247 489 4314 patrem
510 4258 543 4298 se
561 4242 687 4298 infantis
704 4243 862 4313 professus
877 4243 958 4299 hune
1006 4261 1064 4309 τες·
1088 4247 1183 4299 ἐνθάδ’
1204 4249 1306 4313 ἥξομεν
1321 4242 1353 4312 5).

372 4427 591 4438 ——-—-

405 4544 425 4609 l)
444 4548 481 4594 De
501 4547 590 4606 Augae
612 4545 769 4604 Euripidese
790 4549 943 4605 argumente
961 4547 995 4594 ef.
1012 4547 1196 4595 vWilamowitz
1213 4546 1287 4595 Auel.
1305 4550 1365 4596 Eur.
1383 4562 1409 4608 p.
1429 4550 1476 4596 189
1494 4547 1597 4608 (attulit

372 4615 475 4674 Bodin).
502 4641 531 4648 -
559 4611 581 4674 ²')
597 4615 658 4661 Eur.
682 4614 713 4659 fr.
741 4614 798 4669 912,
824 4614 868 4661 nbi
894 4615 967 4661 allati
989 4614 1041 4662 vid.
1069 4615 1265 4662 Anaxandridss
1288 4612 1332 4678 (ir.
1356 4617 1409 4677 57),
1432 4616 1596 4674 Aristoteles,

372 4685 561 4739 Aristaenetus,
579 4683 712 4742 Aelianus,
730 4681 823 4728 Sextus
840 4683 999 4744 Empirieus,
1015 4680 1127 4740 Cyrillus
1144 4696 1248 4731 versum
1266 4682 1445 4744 respicientes.
1463 4708 1495 4717 -
1513 4679 1536 4745 ³)
1553 4684 1596 4731 Ar.

372 4750 439 4801 Nub.
459 4750 523 4797 1075
541 4761 599 4808 sqq.
617 4775 648 4783 -
666 4745 686 4808 ⁴)
704 4750 766 4796 Eur.
783 4750 814 4797 fr.
833 4751 890 4798 267.
909 4777 939 4786 -
958 4747 980 4810 ¹⁵)
997 4752 1065 4798 Men.
1083 4752 1114 4799 fr.
1133 4753 1191 4799 815.
