3750 5492
372 1421 504 1498 Herois,
525 1420 805 1496 Disceptantium,
826 1418 1093 1498 circumtoneae,
1118 1423 1249 1483 Samiae
1262 1422 1449 1483 fabularum
1469 1422 1555 1499 fraffl

328 1539 443 1598 menta
472 1538 603 1612 praeter
635 1551 686 1611 ea,
718 1549 802 1609 quae
833 1550 937 1611 nuper
965 1538 1095 1611 reperta
1122 1539 1215 1613 sunt,
1241 1538 1358 1597 extant
1380 1536 1555 1609 sequentia

327 1665 411 1725 quae
441 1650 568 1727 pridem
598 1650 817 1711 innotuerunt
847 1652 880 1710 et
909 1650 996 1711 inter
1026 1653 1136 1712 cetera
1163 1651 1353 1732 fragmenta
1378 1652 1553 1726 poetarum

327 1765 529 1827 comicorum
553 1766 633 1826 sunt
655 1765 805 1840 recepta:

918 1968 951 2044 Ι.

775 2143 857 2219 EX
888 2143 1106 2222 HEROE.

926 2355 955 2413 l.

683 2491 806 2549 ΔΑΟΣ.
829 2483 978 2550 οὐπώποτ’
1004 2487 1159 2569 ἠράσθης,
1182 2487 1273 2562 Γέια;

548 2607 572 2662 I
573 2606 668 2663 ῈΤΑ.
692 2602 729 2664 οὐ
752 2602 809 2684 γὰρ
833 2601 1037 2682 ἐνεπλήσθην.

626 2716 694 2762 Men.
717 2715 748 2761 ir.
771 2715 820 2762 ³45
844 2711 888 2779 (ex
910 2716 1017 2763 Hermia
1039 2715 1072 2762 ad
1094 2716 1161 2762 Plai.
1182 2710 1315 2776 Phaedr.),
1337 2713 1501 2761 aMeinekio
1519 2713 1554 2759 ad

658 2796 814 2851 Μιοούμινοι
830 2795 957 2851 relatum
975 2794 1026 2841 hue
1044 2795 1125 2841 traxit
1138 2794 1201 2841 Leo.

369 2938 466 2998 Patet
494 2953 537 2997 ex
563 2936 677 2998 eodem
709 2937 884 3014 colloquio,
918 2937 1012 2998 euius
1035 2937 1170 2998 initium
1193 2937 1262 2997 iam
1290 2938 1341 2997 est
1364 2937 1550 3010 repertum,

326 3052 408 3111 haee
431 3051 535 3112 verba
557 3066 632 3111 esse
656 3052 820 3112 desumta.
845 3050 892 3112 cf.
916 3066 966 3112 ve.
994 3052 1033 3111 16
1062 3066 1111 3124 aq.

930 3241 960 3300 2.

547 3359 690 3442 δέσποιν’,
705 3362 845 3444 Ἔρωτος
868 3361 961 3426 οὐδὲν
985 3363 1079 3443 ἰσχύει
1103 3362 1210 3442 πλέον,

546 3474 613 3539 οὐδ’
640 3477 731 3551 αὐτὸς
756 3476 772 3539 ὁ
796 3488 914 3558 κρατῶν
934 3487 994 3538 τῶν
1018 3477 1050 3538 ἐν
1075 3477 1196 3562 οὐρανῷ
1219 3483 1303 3538 θεῶν

548 3593 638 3670 Ζεύς,
660 3587 720 3653 ἀλλ’
747 3590 850 3678 ἐκείνῳ
873 3586 959 3652 πάντ’
985 3589 1190 3672 ἄναχπασθελς
1212 3596 1289 3652 ποεῖ.

623 3706 692 3752 Men.
711 3705 743 3751 ir.
760 3706 809 3752 209
828 3704 1027 3762 (eutonium.
1046 3706 1087 3761 63,
1106 3703 1158 3763 21).

367 3852 527 3912 Videntur
548 3849 632 3909 Davi
650 3865 724 3910 esse
745 3849 844 3910 verba
856 3849 895 3909 ad
915 3849 1120 3923 Myrrhinam
1140 3836 1254 3908 heram
1275 3847 1395 3908 iratam
1416 3848 1550 3921 propter

322 3968 525 4041 Plangonem
549 3965 699 4041 abipso,
724 3966 759 4024 ut
782 3965 843 4040 aii,
865 3963 1031 4024 vitiatam.

368 4081 498 4141 Tertius
528 4095 646 4139 versus
675 4081 769 4140 estne
800 4093 902 4138 sanus
932 4079 996 4148 (aed
1025 4093 1133 4138 amore
1159 4081 1280 4137 coaetus
1299 4077 1377 4151 facit
1399 4075 1549 4149 quiequid

319 4195 430 4269 facin?
453 4192 565 4253 Malim
588 4207 616 4253 θ.
641 4209 672 4267 g.
692 4193 725 4252 in
749 4191 814 4252 fine
837 4189 957 4275 ἆνολγπχ
980 4191 1125 4250 πείθεται.

922 4383 951 4440 3.

545 4503 634 4586 ἐχρῆν
657 4504 713 4586 γὰρ
737 4499 814 4567 εἶναι
837 4504 870 4566 τὸ
893 4505 986 4567 καλὸν
1011 4503 1237 4586 εὐγενέστατον,

512 4661 515 4667 -
544 4619 750 4701 τούλεύθερον
774 4618 807 4681 δὲ
830 4629 987 4700 πανταχοῦ
1011 4625 1139 4701 φρονεῖν
1163 4617 1246 4699 μέγα.

620 4734 687 4780 Men.
706 4734 736 4779 ir.
755 4735 803 4780 210
821 4733 847 4790 (e
865 4732 936 4780 θεοῦ.
956 4730 1023 4779 Flor.
1042 4734 1083 4790 89,
1101 4731 1135 4791 λ).
