3750 5492
951 1345 1008 1412 111.

736 1555 1217 1625 ΠΕΡΙΚΕΙΡΟΜΕΝΗ.

881 1814 1073 1822 ——u———u-

653 2037 707 2093 ΤΑ
734 2034 818 2092 ror
836 2033 1073 2092 ΔΡΑΜΑΤοΣ
1095 2022 1312 2094 ΠΡοΣοΠΑ.

586 2219 722 2302 ,Γλυκέρα
745 2221 902 2283 Παταίκου
925 2220 1074 2302 θυγάτηρ.

588 2334 687 2417 Δωρὶς
710 2336 886 2417 θεράπαινα
909 2334 1073 2415 Γλυκέρας.

581 2448 706 2532 ’Ἇχνοια
729 2450 811 2524 θεός.

589 2565 711 2638 Σωσίας
733 2565 879 2644 θεράπων
903 2563 1094 2644 Πολέμωνος.
1319 2643 1325 2655 .

588 2680 736 2759 Μοσχίων
761 2680 920 2742 Παταίκου
941 2676 995 2757 μὲν
1015 2679 1080 2752 υίὸς
1099 2681 1203 2758 φύσει,
1223 2679 1387 2759 Μυρρίνης
1407 2674 1440 2739 δὲ
1457 2677 1592 2756 ποιητός.

587 2798 669 2867 Δᾶος
691 2795 839 2875 θεράπων
862 2794 1035 2875 Μυρρίνης.

588 2907 735 2987 Πολέμων
758 2909 908 2989 χιλίαρχος
931 2908 1108 2989 Κορίνθιος.

587 3023 765 3104 Ἀβρότονον
789 3022 900 3103 έταίρα.

588 3138 741 3210 Πάναινος
763 3135 869 3218 γέρων,
891 3133 1048 3217 Γλυκέρας
1071 3133 1122 3196 καλ
1146 3135 1329 3215 Μοσχίωνος
1351 3135 1457 3215 πατήρ.

408 3365 534 3427 Chorus
557 3367 716 3428 iuvenum
740 3369 936 3443 appotorum
960 3367 1134 3427 interludit
1156 3369 1261 3427 actus.

409 3597 550 3657 Athenis
574 3598 606 3656 in
631 3596 685 3656 via
708 3595 836 3670 publica
859 3610 914 3656 res
934 3599 987 3670 agi
1006 3594 1186 3670 finguntur,
1207 3597 1282 3656 ante
1303 3596 1400 3657 aedes
1419 3594 1593 3670 contiguas

364 3712 554 3773 Polemonis
584 3715 617 3772 et
648 3711 846 3786 Myrrhinae.
878 3712 915 3771 In
939 3712 1057 3771 tertias
1081 3710 1222 3787 aliquas,
1247 3725 1330 3784 quae
1354 3711 1447 3770 cuius
1470 3705 1593 3771 luerint

364 3825 546 3901 nescimus,
572 3824 720 3899 confugit
743 3824 883 3899 Glycera
906 3827 984 3886 ante
1007 3824 1140 3885 fabulae
1163 3823 1297 3885 initium
1316 3820 1349 3896 ²).

409 4137 552 4198 Fabulae
593 4141 829 4212 argumentum
872 4139 984 4199 minus
1021 4138 1103 4199 bene
1138 4153 1238 4212 quam
1272 4138 1538 4214 Disceptantium
1575 4156 1592 4202 e

362 4252 561 4325 fragmentis
591 4266 675 4324 quae
706 4253 747 4312 ad
776 4267 835 4312 nos
859 4255 1081 4327 pervenerunt
1105 4253 1325 4330 cognoscitur,
1350 4253 1398 4313 ita
1419 4255 1531 4315 tamen
1554 4255 1594 4315 ut

363 4366 469 4440 possit
493 4367 650 4426 enarrari.

372 4506 583 4524 -··——·-=-

398 4573 415 4635 1)
432 4577 556 4624 Dicamus
573 4577 606 4623 ad
624 4574 735 4623 amicam
754 4576 868 4636 aliquam
885 4577 1033 4635 confugisse
1052 4577 1199 4635 Glyceram,
1216 4577 1287 4637 apud
1303 4591 1382 4636 quam
1395 4591 1474 4625 unam
1489 4581 1593 4628 noctem

363 4656 502 4713 transegit;
530 4669 589 4702 nam
618 4654 746 4715 postridie
769 4655 873 4703 demum
897 4654 947 4712 (vs.
972 4655 1014 4712 la)
1037 4655 1062 4700 in
1087 4655 1235 4713 Myrrhinae
1258 4657 1336 4705 aedes
1356 4655 1436 4706 venit.
1455 4684 1484 4692 —
1504 4658 1593 4709 utiam

363 4735 469 4782 Palaeoi
486 4736 565 4784 uades
582 4737 608 4782 in
626 4750 705 4784 soona
722 4737 878 4797 conspectae
895 4747 953 4782 osse
970 4748 1020 4782 non
1036 4734 1122 4781 credo.
