3750 5492
647 2039 701 2095 TA
726 2037 809 2095 Tor
830 2036 1067 2094 ΔΡΑΜΑΤΟΣ
1089 2035 1307 2096 ΠΡΟΣΩΠΑ.

582 2219 705 2301 Δημέας
727 2220 823 2304 γέρων
844 2223 999 2301 πλούσιος,
1020 2221 1118 2304 πατὴρ
1141 2222 1264 2301 ποιητὸς
1288 2220 1472 2302 Μοσχίωνος
1488 2215 1518 2292 ¹).

583 2334 756 2417 Παρμένων
779 2335 894 2416 οἰκέτης
918 2336 1052 2417 Δημέου.

586 2450 754 2532 Μάνειρος.

583 2562 699 2645 Χρυσλς
722 2562 824 2646 ἑταίρα
846 2565 950 2644 Σαμία
963 2559 997 2644 ²),
1018 2563 1153 2644 παλλακὴ
1178 2562 1308 2644 Δημέου.
1401 2564 1403 2569 ’

583 2678 756 2758 Νικήρατος
778 2677 874 2761 γέρων
897 2677 1005 2759 πένης,
1027 2677 1124 2760 πατὴρ
1148 2678 1334 2760 Πλαγγόνος.

584 2792 730 2872 Μοσχίων
754 2792 891 2872 νεανίας,
914 2791 1038 2872 Δημέου
1061 2792 1128 2866 υἱὸς
1151 2792 1283 2871 ποιητός.

404 3022 602 3082 Personae
626 3023 794 3083 tacitae:
819 3022 978 3084 Famulus
1002 3023 1106 3096 coqui.
1131 3022 1252 3082 Nutrix
1276 3019 1473 3082 Moschionis
1493 3034 1588 3080 anus.

403 3135 518 3196 Plures
541 3137 570 3197 si
593 3137 725 3198 fuerunt
747 3153 922 3216 personae,
947 3155 965 3199 e
988 3138 1188 3214 fragmentis
1211 3152 1276 3197 non
1296 3135 1540 3211 cognoscuntur
1554 3125 1589 3204 8).

404 3249 548 3311 (ihorum
578 3251 723 3313 adfuisse
753 3254 787 3313 et
815 3268 874 3329 per
904 3268 941 3313 se
971 3252 1198 3328 intellegimus
1227 3252 1261 3312 et
1291 3250 1414 3311 diserte
1443 3249 1590 3309 testatur

360 3357 516 3439 codex⁴);
559 3366 617 3426 sed
657 3368 769 3442 partes
806 3368 875 3443 egit
909 3367 1030 3427 nullas.
1066 3366 1091 3426 Ε
1126 3365 1278 3427 convivis
1313 3364 1353 3425 ad
1388 3361 1589 3424 Moschionis

358 3479 492 3554 nuptias
515 3479 726 3541 celebrandas
750 3481 1022 3542 convenientibus
1046 3480 1175 3540 videtur
1197 3479 1302 3540 luisse
1325 3476 1538 3554 compositus.

403 3592 545 3652 Athenis
567 3595 644 3654 ante
667 3594 765 3655 aedes
787 3594 931 3656 Demeae
954 3595 1128 3671 opulentas
1153 3595 1186 3653 et
1208 3592 1350 3656 Nicerati
1371 3589 1589 3668 pauperculas

359 3706 394 3766 in
417 3705 471 3766 via
492 3683 625 3782 publica
651 3722 705 3768 res
729 3708 781 3782 agi
804 3707 985 3785 finguntur.

404 4017 549 4080 Fabulae
572 4023 807 4095 argumentum
831 4022 893 4082 hoc
916 4023 984 4083 est:

404 4133 548 4193 Amabat
566 4134 698 4194 iuvenis
717 4135 862 4196 Moschis
882 4135 1044 4211 virginem
1060 4135 1265 4210 Plangonem
1277 4134 1311 4193 in
1324 4132 1460 4195 aedibus
1471 4130 1591 4192 vicinis

361 4246 581 4324 habitantem,
606 4249 664 4309 sed
687 4250 891 4310 matrimonii
913 4265 990 4326 spes
1013 4248 1105 4310 nulla
1128 4251 1214 4322 erat;
1237 4248 1388 4309 indotata
1409 4246 1497 4308 eninr
1517 4247 1617 4324 erat³

397 4455 416 4520 ¹)
435 4456 472 4506 Cf.
490 4470 527 4505 vs.
547 4460 593 4505 131
614 4471 667 4518 sq.;
685 4458 805 4517 pluribus
821 4458 909 4506 verbis
926 4458 978 4506 disi
995 4460 1022 4506 id
1040 4459 1132 4507 debuit
1149 4459 1176 4506 in
1194 4458 1300 4506 fabulae
1318 4459 1392 4518 parte
1409 4453 1555 4517 deperdita.

396 4533 407 4565 ι

394 4540 418 4678 3))
434 4537 760 4678 ΞῖηρῖεὖὲαλΙῖἓρλοοὺ
776 4630 871 4664 nomen
890 4618 951 4663 sunt
968 4617 1013 4676 qui
1031 4618 1173 4676 agnoscant
1190 4612 1218 4661 in
1233 4616 1379 4674 fragmento
1393 4613 1464 4672 quod
1477 4613 1590 4661 antehm

361 4696 493 4754 oognitum
511 4692 563 4741 fuit
580 4695 659 4742 huius
676 4694 780 4742 fabulae
797 4697 904 4743 uniourn
923 4695 966 4757 (ir.
984 4697 1050 4751 48⁷3
1065 4693 1093 4742 in
1110 4695 1162 4742 fine
1179 4695 1258 4742 huius
1275 4693 1335 4741 libri
1352 4688 1496 4755 afferetur).

393 4769 415 4834 ⁴)
434 4774 473 4821 dr.
490 4772 517 4819 id
535 4773 606 4833 quod
624 4776 687 4834 post
703 4787 742 4822 vs.
761 4775 810 4822 aio
828 4772 933 4834 legitur.
