3750 5492
893 675 1072 721 APPENDIX.

971 847 1001 907 ὅ.

594 956 742 1044 ἐλευθέρῳ
765 957 798 1019 τὸ
821 963 1043 1039 καταγελᾶσθαι
1066 955 1122 1036 μὲν
1144 959 1222 1020 πολὺ

593 1072 745 1152 αἴσχιστόν
769 1071 837 1133 ἐστι·
860 1071 892 1133 τὸ
917 1067 945 1133 δ’
971 1067 1124 1133 ὀδυνᾶσθ’
1149 1070 1358 1155 ἀνθρώπινον.

671 1185 739 1231 Men.
757 1185 789 1231 fr.
809 1186 855 1232 1‘16
874 1187 899 1245 (Θ
917 1185 990 1234 Stob.
1008 1185 1076 1232 Flor.
1095 1187 1135 1241 89,
1154 1182 1189 1247 5).

971 1331 1001 1389 6.

593 1439 684 1503 οὐδὲν
707 1440 866 1514 πέπονθας
890 1441 992 1502 δεινὸν
1015 1439 1053 1501 bv
1077 1441 1118 1520 μὴ
1141 1453 1291 1528 προσποῇ.

672 1554 740 1601 Men.
759 1555 790 1601 fr.
811 1554 858 1601 179
876 1553 919 1612 (ex
936 1554 1110 1600 0888118111.
1130 1554 1152 1608 ’1,
1172 1556 1207 1614 8).

971 1699 1001 1759 7.

1040 1807 1186 1890 ἕξετύφην
1208 1808 1264 1888 μὲν
1289 1802 1346 1871 οὖν

592 1901 736 1962 κλαίουσα.

669 2013 737 2059 Men.
755 2012 787 2058 fr.
806 2013 854 2058 184
873 2013 898 2070 (e
916 2013 998 2059 sehol.
1016 2013 1077 2060 Eur.
1095 2013 1191 2060 Phoen.
1212 2012 1296 2073 1154).

414 2155 461 2217 ct.
485 2155 524 2215 fr.
550 2156 614 2216 505
635 2161 663 2226 (e
683 2156 906 2231 Philadelphis
926 2158 1149 2228 desumbumb:
1170 2154 1208 2234 νὴ
1227 2155 1279 2217 τὸν
1299 2156 1359 2217 Δία
1377 2156 1429 2218 τὸν
1448 2154 1599 2237 μέγιστον,

370 2266 584 2346 ἕκτνφήσομαι.
1416 2273 1418 2277 ’

416 2384 603 2458 Sophrones
627 2383 767 2443 nutricis
789 2385 872 2445 haec
896 2399 969 2444 esse
992 2384 1207 2459 probabiliter
1230 2385 1369 2447 coniecit
1392 2386 1560 2450 Lefebvre.

414 2632 511 2713 ἐχῖνος
535 2640 620 2706 (vas).
969 2549 999 2608 8.

597 2778 600 2785 -
669 2746 737 2792 Men.
756 2747 787 2796 ir.
806 2747 854 2794 185
871 2749 916 2808 (ex
932 2744 1078 2811 Erotiano).

969 2893 1000 2951 9.

413 3005 570 3064 Fortasse
592 3005 657 3065 huc
680 3005 870 3065 referendus
893 3007 944 3066 est
968 3019 1084 3065 versus
1108 3020 1267 3066 maneus:

590 3121 669 3194 φιλῶ
692 3112 733 3195 σ’,
752 3112 907 3196 'Obrimas‘
931 3115 983 3178 καλ
1007 3117 1046 3177 σὺ
1069 3117 1225 3198 περίεργος
1249 3111 1282 3178 ελ,

413 3231 475 3291 Ubi
499 3234 641 3293 fortasse
661 3226 804 3311 'Ovirzri
828 3225 890 3292 sira
914 3235 966 3293 esi
989 3232 1176 3307 legendum.

667 3344 734 3390 Men.
761 3345 791 3390 ir.
816 3345 864 3390 848
891 3345 918 3403 (3
941 3341 1025 3390 (iram.
1047 3342 1144 3390 Aneed,
1170 3340 1253 3390 Paria.
1276 3344 1311 3389 IV
1335 3344 1402 3399 418).
1427 3343 1464 3390 cf.
1488 3343 1595 3390 fabulae

701 3435 740 3470 vs.
760 3423 801 3481 45,
819 3425 876 3470 868.

414 3632 523 3692 Facile
542 3635 714 3707 praeterea
733 3633 920 3707 suspicetur
939 3633 1015 3704 quis
1033 3648 1074 3692 ex
1095 3633 1156 3692 hac
1175 3632 1288 3692 fabuia
1308 3633 1501 3707 excerptum
1522 3647 1598 3692 esse

367 3747 590 3821 fragmentum
609 3745 694 3819 quod
714 3746 873 3822 sequitur,
895 3746 1068 3806 Smicrinis
1085 3746 1188 3820 igitur
1207 3746 1246 3805 ad
1267 3744 1369 3806 filiam
1387 3761 1461 3806 esse
1474 3745 1593 3820 verba;

367 3862 424 3921 sed
459 3861 616 3934 quoniam
652 3860 686 3919 in
719 3874 854 3919 scenam
885 3860 1049 3934 prodiisse
1079 3860 1256 3934 Pamphila
1285 3874 1350 3919 non
1382 3859 1523 3935 videtur,
1551 3893 1593 3903 -

369 3976 469 4036 verba
488 3977 575 4035 certe
595 3974 713 4035 fecisse
732 3974 825 4034 iliam
847 3975 917 4035 veri
936 3977 989 4034 est
1007 3974 1171 4034 dissimile
1191 3974 1244 4044 (cf,
1257 3976 1369 4034 tamen
1382 3989 1432 4034 vs,
1445 3975 1536 4050 404),
1551 4008 1593 4018 -

367 4104 473 4162 neque
508 4089 547 4148 de
582 4087 719 4148 absente
753 4088 787 4147 hi
824 4103 938 4148 versus
973 4088 1134 4163 dicuntur,
1167 4088 1278 4161 potius
1308 4087 1520 4148 statuendum
1552 4103 1596 4148 ex

368 4203 434 4263 alia
457 4203 569 4263 fabula
592 4202 782 4262 desumtos:

1048 4289 1189 4369 χαλεπόν,
1212 4289 1371 4367 Παμφίλη,

591 4400 736 4486 ἐλευθέρᾳ
759 4401 881 4483 γυναικὶ
904 4402 979 4482 πρὸς
1003 4404 1122 4483 πόρνην
1146 4404 1233 4483 μάχη.

1111 4513 1124 4537 ι’

589 4518 713 4578 πλείονα
736 4521 907 4597 κακουργεῖ,
929 4513 1040 4577 πλείον’
1066 4511 1139 4597 ολδ,
1162 4517 1332 4597 αἰσχύνεται

591 4628 694 4707 οὐδέν,
715 4631 871 4691 κολακεύει
895 4635 1017 4708 μᾶλλον.

668 4743 737 4789 Men.
756 4743 787 4788 ir.
807 4743 863 4789 566.
