3750 5492
812 679 1049 726 OIROUMTONSA.

544 847 688 914 τᾶντοιῦθ’
715 850 832 938 ἀκούσῃ
855 847 1019 933 γιγνόμεν’,
1039 849 1214 929 ἔκπέπομφὲ
1236 873 1271 930 με

545 965 664 1044 ἱμάτιον
687 962 794 1028 οἴσοντ’
822 964 1007 1045 ἐξεπίτηδες,
1029 963 1102 1027 οὐδὲ
1121 966 1157 1025 iv

277 1078 280 1084 ’
324 1084 367 1144 60
546 1079 688 1158 δεόμενος
711 1075 772 1141 tit'
797 1077 817 1159 ἢ
840 1085 1015 1161 περιπατεῖν
1038 1101 1074 1158 με
1096 1080 1243 1159 βούλεται.

447 1190 550 1250 (Prodit
565 1193 661 1240 Doris
678 1205 710 1240 ex
727 1189 838 1240 aedibus
853 1192 881 1238 in
898 1192 996 1252 quibus
1012 1192 1124 1250 Glycera
1140 1205 1209 1240 nuno
1226 1193 1423 1253 commoratur.)

761 1370 904 1427 SODNA
925 1370 1116 1435 QUARDA.

769 1503 935 1583 Sosias,
967 1503 1099 1566 Doris.
1148 1563 1152 1571 .

866 1643 1004 1701 ΔΩΡΙΣ.

610 1738 612 1743 ·
680 1729 781 1790 (heram
798 1743 849 1777 non
866 1731 1038 1790 prodeuntem
1054 1728 1192 1795 alloculaz)

548 1821 604 1905 ἐγὼ
627 1819 807 1905 προσεστῶσ’
833 1822 960 1903 ὄψομαι,
980 1823 1155 1904 κεκτημένη.

846 1963 1023 2022 ΣΩΣΙΑΣ.

546 2047 566 2130 ἡ
591 2052 704 2133 Δωρίς]
730 2052 779 2113 οἵα
801 2050 939 2133 γέγονεν,
961 2051 1001 2126 ὡς
1025 2049 1053 2113 δ’
1079 2051 1247 2134 taceatur!

548 2168 637 2238 ζῶσιν
660 2166 771 2247 τρόπον
793 2162 861 2246 τιν’,
881 2165 922 2240 ὡς
946 2165 1012 2245 ἐμοὶ
1033 2169 1262 2248 καταφαίνεται,

549 2273 646 2341 αὗται.
668 2282 855 2362 πορεύσομαι
878 2279 919 2341 δέ.

870 2389 1004 2455 (decedit.)

329 2477 1541 2508 ῄ-ᾕ-ῳ--ῄ-Ἇμ.

360 2522 401 2569 58.
419 2524 509 2584 ἀκούσῃ
521 2523 597 2583 Lei]
615 2541 704 2582 οικο..η
721 2522 778 2570 cod.

361 2601 400 2650 59.
418 2603 502 2649 oiaova‘
521 2601 589 2663 Iret]
607 2603 705 2649 ο..οντ’
723 2601 780 2648 cod.

361 2681 401 2728 dl.
419 2682 564 2746 προσεστῶσ’
583 2681 652 2741 Lei]
670 2696 738 2744 προσ.
756 2682 819 2728 οτ..’
840 2681 896 2728 cod.

360 2758 391 2807 63
410 2773 448 2820 sq.
466 2762 518 2814 τιν’,
536 2765 562 2809 et
579 2759 648 2808 οὗτοι
666 2755 750 2825 vivii]
769 2761 826 2817 τίν’;
845 2763 871 2808 et
888 2760 1031 2808 attollitis.

360 2842 401 2888 ot.
416 2842 479 2888 Post
495 2842 520 2888 δι’
536 2841 834 2916 ἰιιόεττοςοαόίμὶρπαω
851 2842 958 2901 scripsit
974 2842 1044 2898 Lei.;
1063 2855 1129 2890 corr.
1146 2841 1222 2891 vWil.

367 2959 415 3019 58.
452 2961 605 3027 τάνταῦθα]
643 2960 673 3014 in
704 2959 829 3016 aedibus
861 2959 911 3014 ubi
958 2959 1174 3027 intellegimus.
1196 2961 1231 3015 In
1249 2962 1359 3016 bellum
1378 2963 1457 3017 enim
1476 2978 1544 3018 cum

326 3051 453 3122 Glycera
483 3053 539 3108 est.
571 3052 652 3120 Quae
684 3053 771 3108 cuius
798 3051 912 3108 luerint
960 3051 1121 3108 Polemone
1148 3053 1300 3121 profectus
1328 3054 1545 3124 aliquantisper

325 3144 480 3200 nescimus
492 3140 523 3210 1).
960 3144 1091 3200 Athenis
1121 3159 1181 3201 non
1212 3141 1348 3210 adluit7J.
1379 3147 1476 3202 Breve
1508 3177 1544 3186 -

367 3239 414 3294 59.
434 3233 709 3305 Ραιιιόοικοκίκνκῖ]
722 3241 844 3309 portare
858 3237 910 3293 Po·
961 3237 1052 3294 unius
1074 3237 1188 3307 noetis,
1210 3240 1244 3294 ut
1266 3239 1382 3310 opinor,
1403 3270 1437 3278 —
1456 3239 1547 3295 inter·

323 3330 404 3386 lemo
423 3329 571 3386 famulum
592 3330 682 3385 iussit
703 3326 871 3396 consulto3).
961 3329 1088 3399 vallum,
1106 3331 1185 3397 quod
1199 3330 1278 3386 inter
1289 3319 1433 3400 Glycerae
1443 3331 1547 3400 fugam

366 3452 407 3461 -
434 3425 500 3477 οὐδὲ
521 3424 560 3489 ἓν]
582 3422 724 3490 frequens
744 3424 824 3492 apud
845 3436 911 3478 nos·
961 3424 991 3477 et
1021 3422 1140 3477 fabulae
1170 3423 1327 3479 exordium
1358 3424 1548 3495 intercessit,

326 3516 409 3571 trum
427 3514 525 3571 forma
541 3511 572 3581 4).
961 3514 1020 3570 huc
1040 3529 1100 3569 non
1127 3514 1206 3570 facit.

367 3607 404 3662 61
426 3609 458 3663 et
479 3608 526 3663 67.
549 3609 713 3676 κεκτημένη]
735 3608 806 3663 hera
823 3605 855 3674 5).
875 3642 911 3650 -
1002 3607 1049 3662 63.
1078 3608 1184 3674 τρόπον
1211 3610 1283 3676 τινά]
1306 3609 1440 3663 siccatis
1462 3609 1544 3674 baua,

327 3699 415 3756 Dolet
446 3698 573 3769 Glycera
601 3700 681 3755 vitae
708 3700 912 3757 condicionem
959 3698 1061 3754 iocosa
1079 3699 1200 3769 litoteS,
1223 3715 1294 3755 nam
1316 3702 1421 3771 optime
1437 3715 1488 3756 eas
1508 3700 1547 3754 vi·

326 3793 493 3863 mutatam,
528 3794 564 3848 ut
594 3792 719 3862 Chrysis
749 3792 780 3847 in
812 3793 912 3849 Samia
961 3806 1031 3847 vere
1048 3793 1079 3847 et
1096 3791 1195 3847 valere
1213 3793 1308 3848 dicere
1326 3793 1547 3849 vultiamulus

326 3885 476 3955 dramate,
498 3887 530 3940 et
549 3888 677 3956 amator,
698 3900 787 3954 quem
808 3885 910 3941 etiam·
961 3883 1073 3939 Similis
1094 3886 1143 3939 est
1164 3885 1245 3940 vocis
1259 3888 1365 3952 τρόπου
1380 3900 1456 3940 usus
1470 3885 1548 3941 inira

326 3991 408 4033 nunc
428 3977 538 4047 diligit,
559 3980 628 4045 quid
642 3980 714 4047 agat
729 3978 804 4034 scire
819 3978 911 4048 cupit,
961 3976 991 4030 in
1019 3976 1171 4032 locutione
1199 3980 1232 4030 οὐ
1260 3980 1331 4032 κατὰ
1358 3981 1463 4045 τρόπον
1490 3994 1547 4033 uon

327 4070 361 4125 ut
376 4069 424 4125 ille
439 4069 509 4137 quid
525 4070 600 4139 ipsa.
616 4071 731 4140 Nempe
742 4070 912 4126 amantium
962 4070 1003 4123 ita
1033 4071 1064 4123 ut
1094 4065 1253 4139 oportetssl,
1282 4084 1337 4125 nec
1365 4085 1425 4126 non
1453 4070 1547 4126 conf-

326 4162 389 4217 irae
410 4161 522 4235 amoris
542 4162 715 4231 integratio.
960 4162 1054 4216 reuda
1081 4163 1156 4217 sunt
1180 4162 1255 4217 Davi
1274 4163 1304 4217 in
1327 4163 1426 4217 Herod
1448 4162 1548 4218 fabula

367 4255 415 4309 62.
442 4254 561 4309 Dudum
582 4258 619 4310 ab
641 4256 697 4312 hoc
716 4255 829 4311 famulo
850 4270 910 4310 non
961 4255 1067 4309 verba:
1091 4256 1181 4318 οὕτως
1201 4259 1308 4325 ἡσυχῇ,
1323 4258 1428 4322 τρόπον
1442 4253 1546 4321 noui).

326 4347 500 4414 adspectam
521 4362 590 4404 esse
612 4349 751 4405 Doridem
774 4348 910 4403 ancillam
1001 4349 1048 4401 64.
1076 4349 1258 4414 πορεύσομαι]
1287 4348 1429 4416 secedam,
1452 4348 1547 4417 prori-

327 4438 452 4494 vixdum
472 4439 606 4495 adultam
623 4436 644 4505 6)
665 4455 704 4496 ex
724 4440 790 4496 eius
812 4440 911 4495 verbis
957 4441 1040 4509 piam
1062 4455 1105 4493 κιο
1117 4435 1161 4503 10).

359 4613 380 4676 ¹)
397 4617 436 4664 Oi.
460 4631 519 4677 pag.
545 4618 586 4674 tt,
604 4619 626 4664 1.
651 4643 681 4652 -
706 4614 727 4676 ²)
752 4617 790 4665 Oi.
815 4630 853 4664 vs.
879 4619 926 4663 164
951 4619 977 4663 et
999 4618 1068 4663 Sam.
1092 4617 1149 4662 314.
1174 4641 1204 4649 -
1227 4611 1254 4678 ,³)
1279 4613 1317 4661 Cf.
1340 4613 1412 4662 Diuo.
1435 4617 1491 4663 328.
1515 4641 1549 4650 —

326 4678 348 4745 ⁴)
366 4681 405 4732 Cl.
429 4685 497 4732 Disc.
521 4687 562 4731 69.
583 4711 615 4718 -
639 4681 660 4743 ⁶)
678 4683 716 4731 Cf,
738 4686 799 4731 Her.
818 4686 859 4731 37.
878 4710 909 4718 -
927 4681 948 4742 ⁶)
966 4684 1000 4731 Ut
1018 4681 1129 4730 charisii
1146 4696 1256 4742 puerum
1275 4683 1460 4742 pedissequum
1479 4684 1548 4741 Diae.

326 4751 384 4798 266.
408 4777 439 4785 -
458 4749 478 4813 ⁷)
493 4752 533 4799 Oi.
550 4764 588 4798 vs.
608 4753 664 4799 170.
683 4777 714 4787 -
732 4749 754 4815 ⁸)
772 4750 814 4797 Vs.
834 4753 882 4798 229
901 4765 940 4810 sq.
960 4777 990 4785 -
1009 4747 1031 4811 9)
1048 4752 1110 4796 Her.
1126 4751 1166 4797 20.
1184 4776 1215 4784 —
1233 4747 1262 4811 ¹⁰)
1282 4747 1320 4797 Ol.
1338 4750 1407 4798 Diso.
1426 4753 1484 4799 3‘18.

379 4849 522 4884 muruco.
1427 4838 1441 4881 6
