3750 5492
917 699 966 742 VlI

306 888 405 935 ¹curn
435 872 526 931 Davo
557 869 757 930 Menandreo
787 868 946 929 dicentes.
978 869 1049 928 Non
1079 884 1181 944 nego:
1212 885 1339 941 nonum
1372 870 1424 930 vel
1454 871 1555 932 etiam

200 1003 202 1007 ’
327 989 467 1049 tertium
502 966 729 1046 secundumve
764 984 797 1043 in
836 998 962 1044 annum
1003 999 1118 1058 pressa
1153 983 1234 1045 talia
1271 986 1455 1046 maturiora
1487 984 1558 1045 lieri

328 1102 450 1177 solent,
495 1104 529 1161 et
569 1102 603 1161 in
645 1097 879 1172 Aristophanis
914 1095 1034 1157 fabulis
1069 1097 1204 1158 edendis
1239 1098 1410 1172 aliquanto
1444 1099 1558 1159 minus

329 1216 470 1276 celerem
493 1230 548 1274 me
572 1213 732 1288 praestiti.
759 1212 821 1272 Sed
845 1213 903 1271 aut
933 1212 1014 1271 haec
1037 1226 1124 1272 nunc
1147 1212 1255 1272 danda
1277 1214 1372 1272 erant
1394 1216 1452 1273 aut
1474 1213 1556 1273 nihil

328 1329 489 1389 eiusmodi
523 1328 683 1404 dandum,
719 1330 754 1388 et
784 1325 836 1386 vel
871 1341 959 1386 nunc
994 1327 1139 1400 proferre
1173 1341 1271 1400 posse
1304 1326 1388 1385 mihi
1423 1327 1557 1387 videbar

328 1457 410 1517 quae
445 1456 550 1515 neque
584 1441 717 1502 inutilia
746 1440 856 1501 forent
887 1439 1073 1514 legentibus
1103 1408 1208 1514 neque
1239 1440 1378 1514 ingrata.
1409 1441 1553 1502 Tertiam

327 1559 438 1616 autem
464 1556 644 1616 editionem
670 1555 810 1614 ornandi
833 1554 862 1614 si
885 1555 1015 1627 quando
1037 1553 1246 1628 praebebitur
1270 1555 1413 1631 occasio,
1436 1590 1477 1599 —-
1500 1555 1555 1633 τὴν

328 1663 354 1729 δ’
382 1669 573 1748 Ἀδράστειαν
604 1669 731 1746 μάλιστα
760 1676 819 1727 νῦν
848 1665 992 1740 δεδοικὼς
1014 1676 1189 1746 προσκυνῶ,
1211 1670 1249 1729 ut
1272 1669 1471 1730 Moschionl's
1495 1671 1556 1732 viri

326 1784 474 1858 ingenui,
510 1799 574 1844 non
609 1783 694 1843 Davi
727 1781 853 1842 servuli
889 1781 997 1842 verbis
1029 1784 1115 1857 utar,
1153 1815 1194 1824 -
1230 1796 1363 1856 operam
1399 1781 1483 1842 dabo
1517 1786 1555 1843 ut
1649 1831 1652 1837 .

327 1898 475 1957 auctiora
504 1898 585 1956 haec
614 1897 783 1970 prodeant.
807 1896 947 1955 Interim
972 1894 1049 1955 boni
1072 1895 1248 1956 consulant
1272 1895 1371 1955 velim
1396 1894 1554 1969 legentes.

372 2125 495 2186 Gratus
519 2128 551 2186 et
575 2125 719 2185 editione
742 2124 902 2199 principe,
928 2139 1028 2197 quarn
1053 2124 1183 2184 curavit
1201 2123 1424 2200 Laeneuams,
1448 2125 1553 2185 denuo

326 2254 407 2299 usus
437 2255 527 2315 sum,
559 2241 592 2299 et
623 2238 976 2314 commentationibus
1008 2254 1091 2312 quas
1122 2237 1327 2312 scripserunt
1357 2238 1419 2298 viri
1450 2238 1552 2314 docti,

325 2369 463 2428 quorum
495 2354 632 2413 nomina
661 2353 775 2412 ordine
806 2351 1017 2426 alphabetico
1049 2351 1211 2412 collocata
1240 2351 1453 2427 subiungam,
1477 2353 1553 2413 stel-

324 2468 393 2528 lula
424 2483 480 2527 eas
512 2468 662 2527 indicans
691 2467 889 2540 scriptiones
921 2467 1003 2538 qua's
1034 2467 1136 2526 etiam
1163 2466 1235 2524 turn
1259 2480 1334 2525 cum
1359 2466 1552 2540 proecdosin

326 2583 481 2642 curabam
506 2582 608 2640 habui
631 2582 798 2654 cognitas:

371 2809 410 2868 H.
446 2822 511 2893 von
547 2807 660 2867 Anum
695 2808 857 2868 Zeitschr.
896 2808 918 2868 f.
955 2815 1071 2868 osterr.
1109 2807 1229 2880 Gymn.
1273 2809 1314 2866 31
1349 2807 1426 2868 Deo.
1465 2811 1547 2868 1901

458 2940 489 2999 p.
517 2926 748 2986 1051-1081.

371 3077 514 3082 ——
540 3041 682 3099 Hermes
708 3040 792 3098 1908
817 3054 848 3113 p.
876 3041 949 3100 168.

371 3152 395 3211 L
420 3153 526 3212 Bonru
551 3154 584 3212 et
607 3153 642 3212 P.
668 3153 786 3211 anou
810 3153 959 3212 Extraits
983 3152 1022 3212 de
1046 3152 1223 3212 Menandre
1247 3152 1339 3212 Paris
1367 3153 1461 3211 1908.

371 3302 515 3308 —
540 3266 653 3325 Revue
678 3266 717 3325 de
741 3265 920 3340 philologio
948 3266 1032 3324 1908
1057 3281 1087 3339 p.
1113 3266 1257 3325 68-76.

370 3379 410 3437 Μ.
436 3378 574 3438 Gnorsnr
596 3377 732 3438 Journal
757 3378 814 3439 des
838 3381 979 3439 savants
1003 3380 1067 3439 oct.
1093 3381 1126 3438 et
1149 3379 1218 3438 dec.
1247 3380 1343 3440 1907.

370 3492 445 3562 (W.)
469 3492 664 3562 Oinonusnn)
687 3488 806 3553 *Liten
831 3491 1049 3552 Zentralblatt
1070 3493 1113 3551 30
1137 3493 1218 3551 Nov.
1247 3494 1342 3553 1907.

370 3608 401 3664 S.
434 3607 561 3665 Errann
593 3605 678 3665 Berl.
710 3606 790 3680 phil.
817 3605 1085 3666 Wochenschrift
1110 3607 1143 3665 et
1166 3605 1435 3666 Wocbenschriit
1459 3607 1480 3667 f.
1505 3608 1551 3671 ld.

458 3719 650 3793 Philologie.

368 3833 419 3892 W.
436 3833 605 3892 Herennio
618 3833 849 3893 Restorations
862 3833 897 3892 oi
906 3833 1084 3893 Menander
1096 3831 1293 3907 Cambridge
1307 3834 1348 3892 22
1361 3830 1546 3896 11111908.

368 3947 403 4006 0.
417 3948 550 4016 Hlnusn)
563 3947 648 4007 Berl.
662 3947 742 4021 phil.
755 3947 1024 4006 Woclrensohrist
1039 3949 1065 4021 1,
1081 3947 1122 4005 22
1133 3946 1236 4020 Febr..
1252 3949 1281 4021 7,
1297 3947 1338 4005 28
1351 3948 1438 4006 Mara
1451 3949 1546 4008 1908.

367 4060 406 4120 Η.
421 4076 489 4118 vau
502 4061 717 4119 Hnawenonu
729 4060 814 4121 Berl.
827 4060 907 4135 phil.
921 4059 1191 4120 Wochenschrift
1203 4053 1263 4119 *18
1274 4061 1355 4119 et25
1365 4061 1383 4120 J
1385 4075 1436 4119 an.
1450 4061 1545 4120 1908.

367 4173 406 4231 A.
431 4174 465 4233 Ε.
491 4175 658 4234 Housnnu
682 4172 840 4234 Classical
864 4173 1040 4248 Quarterly
1063 4172 1154 4247 April
1182 4174 1277 4233 1908.

369 4287 406 4345 A.
442 4281 712 4348 Koare'Archiv
748 4289 799 4346 fiir
835 4287 1168 4362 Papyrusiorsehung
1201 4290 1238 4347 11
1271 4287 1363 4347 Febr.
1395 4288 1479 4357 1908
1514 4304 1544 4362 p.

460 4403 646 4461 eoa-eae.
911 4381 918 4392 '

370 4549 514 4558 ——
537 4514 679 4574 Hermes
706 4515 789 4575 1908
814 4530 845 4589 p.
872 4515 1059 4574 aee-306.

370 4662 516 4671 —-—
546 4626 604 4686 Die
636 4629 937 4703 Komodienpapyri
958 4644 1021 4688 von
1049 4628 1180 4687 Ghoran
1205 4629 1265 4697 (ed.
1290 4631 1443 4703 Jouguet)
1467 4631 1545 4689 Her·

457 4754 528 4798 mes
557 4741 639 4798 1908
666 4756 695 4814 p.
721 4741 864 4800 38-57.
