<?xml version="1.0" encoding="UTF-8"?>
<!DOCTYPE html PUBLIC "-//W3C//DTD XHTML 1.0 Transitional//EN"
    "http://www.w3.org/TR/xhtml1/DTD/xhtml1-transitional.dtd">
<html xmlns="http://www.w3.org/1999/xhtml" xml:lang="en" lang="en">
 <head>
  <title>
</title>
<meta http-equiv="Content-Type" content="text/html;charset=utf-8" />
  <meta name='ocr-system' content='tesseract 3.04.00' />
  <meta name='ocr-capabilities' content='ocr_page ocr_carea ocr_par ocr_line ocrx_word'/>
</head>
<body>
  <div class='ocr_page' id='page_1' title='image "./menandriquatuor00lefegoog_0009.png"; bbox 0 0 3750 5492; ppageno 0'>
   <div class='ocr_carea' id='block_1_1' title="bbox 712 1534 1494 1552">
    <p class='ocr_par' dir='ltr' id='par_1_1' title="bbox 712 1534 1494 1552">
     <span class='ocr_line' id='line_1_1' title="bbox 712 1534 1494 1552; baseline -0.005 -2"><span class='ocrx_word' id='word_1_1' title='bbox 712 1535 1101 1552; x_wconf 54' lang='grc' dir='ltr'>ΑΛΛΜΛΑΝΚΜΛΛΛΜΛΛΛΛΛΛΛΛΝ</span> <span class='ocrx_word' id='word_1_2' title='bbox 1104 1534 1494 1549; x_wconf 53' lang='lat' dir='ltr'><strong>mxxmmww</strong></span> 
     </span>
    </p>
   </div>
   <div class='ocr_carea' id='block_1_2' title="bbox 739 1585 1450 1667">
    <p class='ocr_par' dir='ltr' id='par_1_2' title="bbox 739 1585 1450 1667">
     <span class='ocr_line' id='line_1_2' title="bbox 739 1585 1450 1667; baseline -0.007 -17"><span class='ocrx_word' id='word_1_3' title='bbox 739 1588 805 1667; x_wconf 76' lang='grc' dir='ltr'><strong><em>ἥκει</em></strong></span> <span class='ocrx_word' id='word_1_4' title='bbox 827 1586 925 1649; x_wconf 78' lang='grc' dir='ltr'><strong><em>λιπὼν</em></strong></span> <span class='ocrx_word' id='word_1_5' title='bbox 948 1593 1115 1666; x_wconf 81' lang='grc' dir='ltr'><strong><em>κευθμῶνα</em></strong></span> <span class='ocrx_word' id='word_1_6' title='bbox 1137 1585 1188 1647; x_wconf 69' lang='grc' dir='ltr'><strong>καὶ</strong></span> <span class='ocrx_word' id='word_1_7' title='bbox 1212 1585 1321 1647; x_wconf 83' lang='grc' dir='ltr'><strong>σκότου</strong></span> <span class='ocrx_word' id='word_1_8' title='bbox 1344 1586 1450 1658; x_wconf 76' lang='grc' dir='ltr'><strong><em>πύλας.</em></strong></span> 
     </span>
    </p>
   </div>
   <div class='ocr_carea' id='block_1_3' title="bbox 710 1699 1488 1714">
    <p class='ocr_par' dir='ltr' id='par_1_3' title="bbox 710 1699 1488 1714">
     <span class='ocr_line' id='line_1_3' title="bbox 710 1699 1488 1714; baseline -0.005 0"><span class='ocrx_word' id='word_1_9' title='bbox 710 1702 806 1714; x_wconf 55' lang='grc' dir='ltr'><strong>«ΝΝΝΨᾺ</strong></span> <span class='ocrx_word' id='word_1_10' title='bbox 812 1702 939 1714; x_wconf 61' lang='grc' dir='ltr'><strong>ΝΛΛΛΛΛΙΝ</strong></span> <span class='ocrx_word' id='word_1_11' title='bbox 1188 1699 1488 1713; x_wconf 52' lang='lat' dir='ltr'><strong>NVWQWWVWVVVVVW</strong></span> 
     </span>
    </p>
   </div>
   <div class='ocr_carea' id='block_1_4' title="bbox 267 1936 1496 2697">
    <p class='ocr_par' dir='ltr' id='par_1_4' title="bbox 267 1936 1496 2697">
     <span class='ocr_line' id='line_1_4' title="bbox 312 1936 1494 2012; baseline -0.001 -15"><span class='ocrx_word' id='word_1_12' title='bbox 312 1937 481 1997; x_wconf 80' lang='lat' dir='ltr'><strong>Menandri</strong></span> <span class='ocrx_word' id='word_1_13' title='bbox 503 1936 690 1997; x_wconf 77' lang='lat' dir='ltr'><strong>tabularum</strong></span> <span class='ocrx_word' id='word_1_14' title='bbox 714 1937 904 2012; x_wconf 82' lang='lat' dir='ltr'><strong>fragmenta</strong></span> <span class='ocrx_word' id='word_1_15' title='bbox 922 1938 1067 1996; x_wconf 78' lang='lat' dir='ltr'><strong>exeunte</strong></span> <span class='ocrx_word' id='word_1_16' title='bbox 1086 1950 1173 1995; x_wconf 89' lang='lat' dir='ltr'><strong>anno</strong></span> <span class='ocrx_word' id='word_1_17' title='bbox 1196 1937 1281 1995; x_wconf 82' lang='lat'>1905</span> <span class='ocrx_word' id='word_1_18' title='bbox 1298 1938 1331 1995; x_wconf 91' lang='lat' dir='ltr'><strong>in</strong></span> <span class='ocrx_word' id='word_1_19' title='bbox 1344 1936 1494 2011; x_wconf 81' lang='lat' dir='ltr'><strong>Aegypto</strong></span> 
     </span>
     <span class='ocr_line' id='line_1_5' title="bbox 268 2048 1495 2129; baseline -0.003 -17"><span class='ocrx_word' id='word_1_20' title='bbox 268 2052 390 2112; x_wconf 87' lang='lat' dir='ltr'><strong>effossa</strong></span> <span class='ocrx_word' id='word_1_21' title='bbox 413 2053 446 2111; x_wconf 90' lang='lat' dir='ltr'><strong>et</strong></span> <span class='ocrx_word' id='word_1_22' title='bbox 469 2053 645 2126; x_wconf 83' lang='lat' dir='ltr'><strong>postquam</strong></span> <span class='ocrx_word' id='word_1_23' title='bbox 670 2052 769 2111; x_wconf 91' lang='lat' dir='ltr'><strong>huius</strong></span> <span class='ocrx_word' id='word_1_24' title='bbox 792 2048 918 2129; x_wconf 81' lang='grc' dir='ltr'><em>ἓρμαίου</em></span> <span class='ocrx_word' id='word_1_25' title='bbox 942 2051 1033 2111; x_wconf 88' lang='lat' dir='ltr'><strong>fama</strong></span> <span class='ocrx_word' id='word_1_26' title='bbox 1055 2050 1260 2125; x_wconf 82' lang='lat' dir='ltr'><strong>percrebruit</strong></span> <span class='ocrx_word' id='word_1_27' title='bbox 1281 2050 1322 2110; x_wconf 88' lang='lat' dir='ltr'><strong>ab</strong></span> <span class='ocrx_word' id='word_1_28' title='bbox 1342 2049 1495 2110; x_wconf 89' lang='lat' dir='ltr'><strong>omnibus</strong></span> 
     </span>
     <span class='ocr_line' id='line_1_6' title="bbox 267 2163 1496 2238; baseline -0.001 -14"><span class='ocrx_word' id='word_1_29' title='bbox 267 2164 388 2238; x_wconf 89' lang='lat' dir='ltr'><strong>quibus</strong></span> <span class='ocrx_word' id='word_1_30' title='bbox 418 2164 522 2225; x_wconf 87' lang='lat' dir='ltr'><strong>bonae</strong></span> <span class='ocrx_word' id='word_1_31' title='bbox 549 2164 681 2225; x_wconf 80' lang='lat' dir='ltr'><strong>litterae</strong></span> <span class='ocrx_word' id='word_1_32' title='bbox 705 2165 796 2225; x_wconf 92' lang='lat' dir='ltr'><strong>cordi</strong></span> <span class='ocrx_word' id='word_1_33' title='bbox 820 2167 899 2226; x_wconf 91' lang='lat' dir='ltr'><strong>sunt</strong></span> <span class='ocrx_word' id='word_1_34' title='bbox 922 2180 1057 2225; x_wconf 90' lang='lat' dir='ltr'><strong>summa</strong></span> <span class='ocrx_word' id='word_1_35' title='bbox 1081 2180 1158 2225; x_wconf 91' lang='lat' dir='ltr'><strong>cum</strong></span> <span class='ocrx_word' id='word_1_36' title='bbox 1182 2163 1287 2224; x_wconf 88' lang='lat' dir='ltr'><strong>animi</strong></span> <span class='ocrx_word' id='word_1_37' title='bbox 1310 2164 1496 2224; x_wconf 84' lang='lat' dir='ltr'><strong>intentione</strong></span> 
     </span>
     <span class='ocr_line' id='line_1_7' title="bbox 268 2277 1495 2354; baseline -0.003 -14"><span class='ocrx_word' id='word_1_38' title='bbox 268 2280 442 2353; x_wconf 83' lang='lat' dir='ltr'><strong>expectata</strong></span> <span class='ocrx_word' id='word_1_39' title='bbox 464 2278 527 2338; x_wconf 94' lang='lat' dir='ltr'><strong>sub</strong></span> <span class='ocrx_word' id='word_1_40' title='bbox 550 2277 651 2339; x_wconf 88' lang='lat' dir='ltr'><strong>finem</strong></span> <span class='ocrx_word' id='word_1_41' title='bbox 675 2280 753 2339; x_wconf 88' lang='lat' dir='ltr'><strong>anni</strong></span> <span class='ocrx_word' id='word_1_42' title='bbox 779 2280 862 2339; x_wconf 83' lang='lat'>1907</span> <span class='ocrx_word' id='word_1_43' title='bbox 887 2278 1010 2354; x_wconf 83' lang='lat' dir='ltr'><strong>publici</strong></span> <span class='ocrx_word' id='word_1_44' title='bbox 1029 2279 1112 2338; x_wconf 91' lang='lat' dir='ltr'><strong>iuris</strong></span> <span class='ocrx_word' id='word_1_45' title='bbox 1130 2278 1208 2338; x_wconf 86' lang='lat' dir='ltr'><strong>fecit</strong></span> <span class='ocrx_word' id='word_1_46' title='bbox 1226 2278 1269 2352; x_wconf 86' lang='lat' dir='ltr'><strong>is,</strong></span> <span class='ocrx_word' id='word_1_47' title='bbox 1291 2278 1344 2337; x_wconf 91' lang='lat' dir='ltr'><strong>cui</strong></span> <span class='ocrx_word' id='word_1_48' title='bbox 1362 2277 1495 2337; x_wconf 86' lang='lat' dir='ltr'><strong>fortuna</strong></span> 
     </span>
     <span class='ocr_line' id='line_1_8' title="bbox 268 2390 1495 2467; baseline -0.002 -15"><span class='ocrx_word' id='word_1_49' title='bbox 268 2394 433 2453; x_wconf 91' lang='lat' dir='ltr'><strong>concessit</strong></span> <span class='ocrx_word' id='word_1_50' title='bbox 459 2395 496 2453; x_wconf 91' lang='lat' dir='ltr'><strong>ut</strong></span> <span class='ocrx_word' id='word_1_51' title='bbox 524 2395 595 2453; x_wconf 88' lang='lat' dir='ltr'><strong>tarn</strong></span> <span class='ocrx_word' id='word_1_52' title='bbox 619 2394 829 2467; x_wconf 88' lang='lat' dir='ltr'><strong>splendidum</strong></span> <span class='ocrx_word' id='word_1_53' title='bbox 858 2395 980 2454; x_wconf 90' lang='lat' dir='ltr'><strong>donum</strong></span> <span class='ocrx_word' id='word_1_54' title='bbox 1006 2394 1140 2454; x_wconf 86' lang='lat' dir='ltr'><strong>offerret</strong></span> <span class='ocrx_word' id='word_1_55' title='bbox 1159 2393 1370 2466; x_wconf 83' lang='lat' dir='ltr'><strong>antiquitatis</strong></span> <span class='ocrx_word' id='word_1_56' title='bbox 1393 2390 1495 2451; x_wconf 87' lang='lat' dir='ltr'><strong>admi-</strong></span> 
     </span>
     <span class='ocr_line' id='line_1_9' title="bbox 267 2500 1495 2582; baseline -0.002 -17"><span class='ocrx_word' id='word_1_57' title='bbox 267 2507 448 2582; x_wconf 86' lang='lat' dir='ltr'><strong>ratoribus,</strong></span> <span class='ocrx_word' id='word_1_58' title='bbox 472 2506 649 2567; x_wconf 75' lang='lat' dir='ltr'><strong>Gusrnvus</strong></span> <span class='ocrx_word' id='word_1_59' title='bbox 674 2508 883 2567; x_wconf 79' lang='lat' dir='ltr'><strong>Lanaeumus</strong></span> <span class='ocrx_word' id='word_1_60' title='bbox 906 2500 936 2577; x_wconf 85' lang='lat'><strong>¹).</strong></span> <span class='ocrx_word' id='word_1_61' title='bbox 969 2508 1088 2566; x_wconf 84' lang='lat' dir='ltr'><strong>Statim</strong></span> <span class='ocrx_word' id='word_1_62' title='bbox 1114 2508 1248 2581; x_wconf 91' lang='lat' dir='ltr'><strong>accepto</strong></span> <span class='ocrx_word' id='word_1_63' title='bbox 1272 2504 1356 2565; x_wconf 89' lang='lat' dir='ltr'><strong>libro</strong></span> <span class='ocrx_word' id='word_1_64' title='bbox 1376 2504 1439 2565; x_wconf 86' lang='lat' dir='ltr'><strong>feci</strong></span> <span class='ocrx_word' id='word_1_65' title='bbox 1463 2504 1495 2563; x_wconf 93' lang='lat' dir='ltr'><strong>id</strong></span> 
     </span>
     <span class='ocr_line' id='line_1_10' title="bbox 267 2619 1493 2697; baseline -0.003 -16"><span class='ocrx_word' id='word_1_66' title='bbox 267 2621 352 2694; x_wconf 94' lang='lat' dir='ltr'><strong>quod</strong></span> <span class='ocrx_word' id='word_1_67' title='bbox 375 2621 486 2697; x_wconf 89' lang='lat' dir='ltr'><strong>multi,</strong></span> <span class='ocrx_word' id='word_1_68' title='bbox 512 2623 549 2681; x_wconf 90' lang='lat' dir='ltr'><strong>ut</strong></span> <span class='ocrx_word' id='word_1_69' title='bbox 572 2622 701 2697; x_wconf 86' lang='lat' dir='ltr'><strong>opinor,</strong></span> <span class='ocrx_word' id='word_1_70' title='bbox 721 2622 872 2682; x_wconf 86' lang='lat' dir='ltr'><strong>fecerunt</strong></span> <span class='ocrx_word' id='word_1_71' title='bbox 891 2624 924 2682; x_wconf 91' lang='lat' dir='ltr'><strong>et</strong></span> <span class='ocrx_word' id='word_1_72' title='bbox 942 2622 1081 2682; x_wconf 85' lang='lat' dir='ltr'><strong>sacient:</strong></span> <span class='ocrx_word' id='word_1_73' title='bbox 1103 2620 1273 2694; x_wconf 87' lang='lat' dir='ltr'><strong>devoravi,</strong></span> <span class='ocrx_word' id='word_1_74' title='bbox 1293 2619 1366 2678; x_wconf 91' lang='lat' dir='ltr'><strong>dein</strong></span> <span class='ocrx_word' id='word_1_75' title='bbox 1391 2619 1493 2693; x_wconf 83' lang='lat' dir='ltr'><strong>relegi</strong></span> 
     </span>
    </p>
   </div>
   <div class='ocr_carea' id='block_1_5' title="bbox 265 2733 1548 3381">
    <p class='ocr_par' dir='ltr' id='par_1_5' title="bbox 265 2733 1548 3381">
     <span class='ocr_line' id='line_1_11' title="bbox 267 2733 1548 2816; baseline 0 -23"><span class='ocrx_word' id='word_1_76' title='bbox 267 2733 453 2806; x_wconf 88' lang='lat' dir='ltr'><strong>iterumque</strong></span> <span class='ocrx_word' id='word_1_77' title='bbox 484 2735 599 2811; x_wconf 82' lang='lat' dir='ltr'><strong>relegi,</strong></span> <span class='ocrx_word' id='word_1_78' title='bbox 624 2750 756 2810; x_wconf 84' lang='lat' dir='ltr'><strong>semper</strong></span> <span class='ocrx_word' id='word_1_79' title='bbox 779 2736 856 2795; x_wconf 89' lang='lat' dir='ltr'><strong>novi</strong></span> <span class='ocrx_word' id='word_1_80' title='bbox 879 2735 1002 2807; x_wconf 88' lang='lat' dir='ltr'><strong>aliquid</strong></span> <span class='ocrx_word' id='word_1_81' title='bbox 1023 2734 1281 2809; x_wconf 87' lang='lat' dir='ltr'><strong>deprehendens.</strong></span> <span class='ocrx_word' id='word_1_82' title='bbox 1304 2735 1394 2809; x_wconf 73' lang='lat' dir='ltr'><strong>Mori,</strong></span> <span class='ocrx_word' id='word_1_83' title='bbox 1419 2749 1494 2795; x_wconf 91' lang='lat' dir='ltr'><strong>cum</strong></span> <span class='ocrx_word' id='word_1_84' title='bbox 1546 2811 1548 2816; x_wconf 23' lang='grc' dir='ltr'>Ι</span> 
     </span>
     <span class='ocr_line' id='line_1_12' title="bbox 267 2846 1496 2924; baseline -0.001 -17"><span class='ocrx_word' id='word_1_85' title='bbox 267 2846 538 2908; x_wconf 88' lang='lat' dir='ltr'><strong>observationum</strong></span> <span class='ocrx_word' id='word_1_86' title='bbox 570 2850 693 2909; x_wconf 91' lang='lat' dir='ltr'><strong>messis</strong></span> <span class='ocrx_word' id='word_1_87' title='bbox 724 2850 808 2909; x_wconf 91' lang='lat' dir='ltr'><strong>satis</strong></span> <span class='ocrx_word' id='word_1_88' title='bbox 838 2850 952 2924; x_wconf 89' lang='lat' dir='ltr'><strong>ampla</strong></span> <span class='ocrx_word' id='word_1_89' title='bbox 982 2849 1215 2924; x_wconf 85' lang='lat' dir='ltr'><strong>succrevisset,</strong></span> <span class='ocrx_word' id='word_1_90' title='bbox 1247 2863 1330 2921; x_wconf 90' lang='lat' dir='ltr'><strong>quas</strong></span> <span class='ocrx_word' id='word_1_91' title='bbox 1360 2848 1496 2908; x_wconf 82' lang='lat' dir='ltr'><strong>editoris</strong></span> 
     </span>
     <span class='ocr_line' id='line_1_13' title="bbox 266 2961 1494 3039; baseline 0 -18"><span class='ocrx_word' id='word_1_92' title='bbox 266 2961 473 3035; x_wconf 86' lang='lat' dir='ltr'><strong>aliorumque</strong></span> <span class='ocrx_word' id='word_1_93' title='bbox 504 2961 747 3038; x_wconf 84' lang='lat' dir='ltr'><strong>philologorum</strong></span> <span class='ocrx_word' id='word_1_94' title='bbox 778 2964 898 3023; x_wconf 90' lang='lat' dir='ltr'><strong>iudicio</strong></span> <span class='ocrx_word' id='word_1_95' title='bbox 928 2963 1078 3024; x_wconf 88' lang='lat' dir='ltr'><strong>subicere</strong></span> <span class='ocrx_word' id='word_1_96' title='bbox 1108 2963 1293 3039; x_wconf 88' lang='lat' dir='ltr'><strong>cupiebam,</strong></span> <span class='ocrx_word' id='word_1_97' title='bbox 1323 2962 1433 3038; x_wconf 85' lang='lat' dir='ltr'><strong>aptius</strong></span> <span class='ocrx_word' id='word_1_98' title='bbox 1463 2962 1494 3021; x_wconf 95' lang='lat' dir='ltr'><strong>id</strong></span> 
     </span>
     <span class='ocr_line' id='line_1_14' title="bbox 266 3074 1540 3160; baseline -0.001 -25"><span class='ocrx_word' id='word_1_99' title='bbox 266 3074 338 3136; x_wconf 89' lang='lat' dir='ltr'><strong>fieri</strong></span> <span class='ocrx_word' id='word_1_100' title='bbox 369 3092 435 3137; x_wconf 91' lang='lat' dir='ltr'><strong>non</strong></span> <span class='ocrx_word' id='word_1_101' title='bbox 466 3093 564 3152; x_wconf 91' lang='lat' dir='ltr'><strong>posse</strong></span> <span class='ocrx_word' id='word_1_102' title='bbox 592 3078 701 3137; x_wconf 89' lang='lat' dir='ltr'><strong>visum</strong></span> <span class='ocrx_word' id='word_1_103' title='bbox 725 3079 778 3137; x_wconf 90' lang='lat' dir='ltr'><strong>est</strong></span> <span class='ocrx_word' id='word_1_104' title='bbox 801 3093 900 3151; x_wconf 90' lang='lat' dir='ltr'><strong>quam</strong></span> <span class='ocrx_word' id='word_1_105' title='bbox 925 3080 1022 3138; x_wconf 84' lang='lat' dir='ltr'><strong>textu</strong></span> <span class='ocrx_word' id='word_1_106' title='bbox 1046 3093 1147 3152; x_wconf 91' lang='lat' dir='ltr'><strong>quam</strong></span> <span class='ocrx_word' id='word_1_107' title='bbox 1172 3078 1324 3152; x_wconf 88' lang='lat' dir='ltr'><strong>poteram</strong></span> <span class='ocrx_word' id='word_1_108' title='bbox 1348 3077 1497 3160; x_wconf 90' lang='lat' dir='ltr'><strong>emenda·</strong></span> <span class='ocrx_word' id='word_1_109' title='bbox 1538 3106 1540 3109; x_wconf 83' lang='grc'><em>·</em></span> 
     </span>
     <span class='ocr_line' id='line_1_15' title="bbox 265 3190 1494 3266; baseline 0.001 -16"><span class='ocrx_word' id='word_1_110' title='bbox 265 3191 397 3251; x_wconf 87' lang='lat' dir='ltr'><strong>tissime</strong></span> <span class='ocrx_word' id='word_1_111' title='bbox 429 3191 464 3251; x_wconf 93' lang='lat' dir='ltr'><strong>in</strong></span> <span class='ocrx_word' id='word_1_112' title='bbox 498 3190 608 3252; x_wconf 88' lang='lat' dir='ltr'><strong>lucem</strong></span> <span class='ocrx_word' id='word_1_113' title='bbox 640 3192 775 3251; x_wconf 85' lang='lat' dir='ltr'><strong>emisse.</strong></span> <span class='ocrx_word' id='word_1_114' title='bbox 807 3192 931 3251; x_wconf 81' lang='lat' dir='ltr'><strong>Breues</strong></span> <span class='ocrx_word' id='word_1_115' title='bbox 963 3194 1061 3251; x_wconf 90' lang='lat' dir='ltr'><strong>notas</strong></span> <span class='ocrx_word' id='word_1_116' title='bbox 1093 3190 1228 3251; x_wconf 88' lang='lat' dir='ltr'><strong>criticas</strong></span> <span class='ocrx_word' id='word_1_117' title='bbox 1258 3191 1383 3266; x_wconf 89' lang='lat' dir='ltr'><strong>addidi,</strong></span> <span class='ocrx_word' id='word_1_118' title='bbox 1407 3206 1494 3251; x_wconf 88' lang='lat' dir='ltr'><strong>com·</strong></span> 
     </span>
     <span class='ocr_line' id='line_1_16' title="bbox 266 3304 1219 3381; baseline 0.002 -18"><span class='ocrx_word' id='word_1_119' title='bbox 266 3306 466 3365; x_wconf 76' lang='lat' dir='ltr'><strong>monterium</strong></span> <span class='ocrx_word' id='word_1_120' title='bbox 491 3306 646 3381; x_wconf 85' lang='lat' dir='ltr'><strong>posthac,</strong></span> <span class='ocrx_word' id='word_1_121' title='bbox 671 3306 700 3364; x_wconf 92' lang='lat' dir='ltr'><strong>si</strong></span> <span class='ocrx_word' id='word_1_122' title='bbox 723 3305 792 3365; x_wconf 87' lang='lat' dir='ltr'><strong>fors</strong></span> <span class='ocrx_word' id='word_1_123' title='bbox 816 3304 945 3381; x_wconf 86' lang='lat' dir='ltr'><strong>tulerit,</strong></span> <span class='ocrx_word' id='word_1_124' title='bbox 969 3305 1219 3365; x_wconf 86' lang='lat' dir='ltr'><strong>subiuncturus.</strong></span> 
     </span>
    </p>
   </div>
   <div class='ocr_carea' id='block_1_6' title="bbox 263 3675 1495 4444">
    <p class='ocr_par' dir='ltr' id='par_1_6' title="bbox 263 3675 1495 4444">
     <span class='ocr_line' id='line_1_17' title="bbox 309 3675 1495 3757; baseline 0.004 -22"><span class='ocrx_word' id='word_1_125' title='bbox 309 3676 399 3737; x_wconf 90' lang='lat' dir='ltr'><strong>Haec</strong></span> <span class='ocrx_word' id='word_1_126' title='bbox 429 3675 612 3737; x_wconf 89' lang='lat' dir='ltr'><strong>scribebam</strong></span> <span class='ocrx_word' id='word_1_127' title='bbox 646 3681 723 3740; x_wconf 89' lang='lat' dir='ltr'><strong>ante</strong></span> <span class='ocrx_word' id='word_1_128' title='bbox 755 3695 888 3741; x_wconf 89' lang='lat' dir='ltr'><strong>menses</strong></span> <span class='ocrx_word' id='word_1_129' title='bbox 919 3684 1002 3757; x_wconf 85' lang='lat' dir='ltr'><strong>tres,</strong></span> <span class='ocrx_word' id='word_1_130' title='bbox 1035 3682 1167 3756; x_wconf 92' lang='lat' dir='ltr'><strong>iamque</strong></span> <span class='ocrx_word' id='word_1_131' title='bbox 1194 3682 1349 3742; x_wconf 83' lang='lat' dir='ltr'><strong>editionis</strong></span> <span class='ocrx_word' id='word_1_132' title='bbox 1372 3683 1495 3741; x_wconf 91' lang='lat' dir='ltr'><strong>tuuca</strong></span> 
     </span>
     <span class='ocr_line' id='line_1_18' title="bbox 265 3791 1493 3871; baseline 0.005 -21"><span class='ocrx_word' id='word_1_133' title='bbox 265 3805 318 3850; x_wconf 93' lang='lat' dir='ltr'><strong>me</strong></span> <span class='ocrx_word' id='word_1_134' title='bbox 349 3793 482 3851; x_wconf 89' lang='lat' dir='ltr'><strong>curatae</strong></span> <span class='ocrx_word' id='word_1_135' title='bbox 514 3791 760 3867; x_wconf 76' lang='lat' dir='ltr'><strong>exemplaribus</strong></span> <span class='ocrx_word' id='word_1_136' title='bbox 784 3794 890 3853; x_wconf 89' lang='lat' dir='ltr'><strong>multo</strong></span> <span class='ocrx_word' id='word_1_137' title='bbox 915 3795 1014 3854; x_wconf 90' lang='lat' dir='ltr'><strong>citius</strong></span> <span class='ocrx_word' id='word_1_138' title='bbox 1041 3809 1139 3867; x_wconf 90' lang='lat' dir='ltr'><strong>quam</strong></span> <span class='ocrx_word' id='word_1_139' title='bbox 1164 3798 1360 3871; x_wconf 87' lang='lat' dir='ltr'><strong>putaveram</strong></span> <span class='ocrx_word' id='word_1_140' title='bbox 1384 3796 1493 3856; x_wconf 91' lang='lat' dir='ltr'><strong>diven-</strong></span> 
     </span>
     <span class='ocr_line' id='line_1_19' title="bbox 264 3906 1494 3987; baseline 0.004 -22"><span class='ocrx_word' id='word_1_141' title='bbox 264 3906 343 3967; x_wconf 89' lang='lat' dir='ltr'><strong>ditis</strong></span> <span class='ocrx_word' id='word_1_142' title='bbox 377 3907 519 3968; x_wconf 86' lang='lat' dir='ltr'><strong>facultas</strong></span> <span class='ocrx_word' id='word_1_143' title='bbox 553 3910 631 3968; x_wconf 91' lang='lat' dir='ltr'><strong>data</strong></span> <span class='ocrx_word' id='word_1_144' title='bbox 665 3911 716 3969; x_wconf 87' lang='lat' dir='ltr'><strong>est</strong></span> <span class='ocrx_word' id='word_1_145' title='bbox 758 3925 841 3986; x_wconf 90' lang='lat' dir='ltr'><strong>opus</strong></span> <span class='ocrx_word' id='word_1_146' title='bbox 886 3926 999 3970; x_wconf 91' lang='lat' dir='ltr'><strong>meum</strong></span> <span class='ocrx_word' id='word_1_147' title='bbox 1035 3911 1249 3987; x_wconf 87' lang='lat' dir='ltr'><strong>emendandi,</strong></span> <span class='ocrx_word' id='word_1_148' title='bbox 1285 3945 1326 3955; x_wconf 92' lang='lat'><em>-</em></span> <span class='ocrx_word' id='word_1_149' title='bbox 1362 3912 1494 3986; x_wconf 84' lang='lat' dir='ltr'><strong>gratum</strong></span> 
     </span>
     <span class='ocr_line' id='line_1_20' title="bbox 263 4022 1494 4101; baseline 0.004 -21"><span class='ocrx_word' id='word_1_150' title='bbox 263 4036 396 4097; x_wconf 87' lang='lat' dir='ltr'><strong>semper</strong></span> <span class='ocrx_word' id='word_1_151' title='bbox 431 4022 589 4100; x_wconf 85' lang='lat' dir='ltr'><strong>officium,</strong></span> <span class='ocrx_word' id='word_1_152' title='bbox 626 4040 714 4085; x_wconf 87' lang='lat' dir='ltr'><strong>nova·</strong></span> <span class='ocrx_word' id='word_1_153' title='bbox 748 4027 860 4086; x_wconf 88' lang='lat' dir='ltr'><strong>autem</strong></span> <span class='ocrx_word' id='word_1_154' title='bbox 895 4026 978 4086; x_wconf 88' lang='lat' dir='ltr'><strong>haec</strong></span> <span class='ocrx_word' id='word_1_155' title='bbox 1011 4026 1201 4101; x_wconf 85' lang='lat' dir='ltr'><strong>fragmenta</strong></span> <span class='ocrx_word' id='word_1_156' title='bbox 1235 4027 1345 4088; x_wconf 88' lang='lat' dir='ltr'><strong>edenti</strong></span> <span class='ocrx_word' id='word_1_157' title='bbox 1378 4026 1494 4101; x_wconf 86' lang='lat' dir='ltr'><strong>gratis·</strong></span> 
     </span>
     <span class='ocr_line' id='line_1_21' title="bbox 265 4136 1495 4215; baseline 0.005 -21"><span class='ocrx_word' id='word_1_158' title='bbox 265 4136 398 4197; x_wconf 90' lang='lat' dir='ltr'><strong>simum.</strong></span> <span class='ocrx_word' id='word_1_159' title='bbox 430 4138 515 4197; x_wconf 91' lang='lat' dir='ltr'><strong>Nam</strong></span> <span class='ocrx_word' id='word_1_160' title='bbox 547 4139 646 4197; x_wconf 92' lang='lat' dir='ltr'><strong>multi</strong></span> <span class='ocrx_word' id='word_1_161' title='bbox 677 4140 793 4199; x_wconf 89' lang='lat' dir='ltr'><strong>eodem</strong></span> <span class='ocrx_word' id='word_1_162' title='bbox 820 4143 969 4215; x_wconf 88' lang='lat' dir='ltr'><strong>tempore</strong></span> <span class='ocrx_word' id='word_1_163' title='bbox 993 4139 1151 4215; x_wconf 87' lang='lat' dir='ltr'><strong>philologi</strong></span> <span class='ocrx_word' id='word_1_164' title='bbox 1176 4155 1311 4215; x_wconf 88' lang='lat' dir='ltr'><strong>operam</strong></span> <span class='ocrx_word' id='word_1_165' title='bbox 1336 4140 1495 4200; x_wconf 86' lang='lat' dir='ltr'><strong>dederunt</strong></span> 
     </span>
     <span class='ocr_line' id='line_1_22' title="bbox 264 4250 1494 4330; baseline 0.005 -21"><span class='ocrx_word' id='word_1_166' title='bbox 264 4252 301 4310; x_wconf 97' lang='lat' dir='ltr'><strong>ut</strong></span> <span class='ocrx_word' id='word_1_167' title='bbox 329 4250 503 4325; x_wconf 81' lang='lat' dir='ltr'><strong>explerent</strong></span> <span class='ocrx_word' id='word_1_168' title='bbox 536 4267 574 4312; x_wconf 92' lang='lat' dir='ltr'><strong>ea</strong></span> <span class='ocrx_word' id='word_1_169' title='bbox 607 4255 640 4313; x_wconf 86' lang='lat' dir='ltr'><strong>et</strong></span> <span class='ocrx_word' id='word_1_170' title='bbox 663 4253 867 4328; x_wconf 84' lang='lat' dir='ltr'><strong>corrigerent</strong></span> <span class='ocrx_word' id='word_1_171' title='bbox 890 4258 924 4314; x_wconf 87' lang='lat' dir='ltr'><strong>et</strong></span> <span class='ocrx_word' id='word_1_172' title='bbox 943 4255 1193 4329; x_wconf 88' lang='lat' dir='ltr'><strong>interpretando</strong></span> <span class='ocrx_word' id='word_1_173' title='bbox 1216 4254 1439 4330; x_wconf 88' lang='lat' dir='ltr'><strong>illustrarent,</strong></span> <span class='ocrx_word' id='word_1_174' title='bbox 1461 4258 1494 4315; x_wconf 88' lang='lat' dir='ltr'><strong>et</strong></span> 
     </span>
     <span class='ocr_line' id='line_1_23' title="bbox 263 4363 1493 4444; baseline 0.003 -21"><span class='ocrx_word' id='word_1_175' title='bbox 263 4363 357 4437; x_wconf 83' lang='lat' dir='ltr'><strong>larga</strong></span> <span class='ocrx_word' id='word_1_176' title='bbox 386 4366 433 4426; x_wconf 91' lang='lat' dir='ltr'><strong>sic</strong></span> <span class='ocrx_word' id='word_1_177' title='bbox 464 4369 544 4426; x_wconf 90' lang='lat' dir='ltr'><strong>nata</strong></span> <span class='ocrx_word' id='word_1_178' title='bbox 574 4369 625 4427; x_wconf 90' lang='lat' dir='ltr'><strong>est</strong></span> <span class='ocrx_word' id='word_1_179' title='bbox 657 4368 928 4429; x_wconf 88' lang='lat' dir='ltr'><strong>observationum</strong></span> <span class='ocrx_word' id='word_1_180' title='bbox 953 4370 1046 4443; x_wconf 94' lang='lat' dir='ltr'><strong>copia</strong></span> <span class='ocrx_word' id='word_1_181' title='bbox 1068 4384 1126 4443; x_wconf 90' lang='lat' dir='ltr'><strong>per</strong></span> <span class='ocrx_word' id='word_1_182' title='bbox 1149 4383 1283 4429; x_wconf 90' lang='lat' dir='ltr'><strong>menses</strong></span> <span class='ocrx_word' id='word_1_183' title='bbox 1305 4369 1493 4444; x_wconf 87' lang='lat' dir='ltr'><strong>proximos,</strong></span> 
     </span>
    </p>
   </div>
   <div class='ocr_carea' id='block_1_7' title="bbox 262 4596 1495 4826">
    <p class='ocr_par' dir='ltr' id='par_1_7' title="bbox 262 4596 1495 4826">
     <span class='ocr_line' id='line_1_24' title="bbox 298 4596 1495 4682; baseline 0.005 -37"><span class='ocrx_word' id='word_1_184' title='bbox 298 4596 316 4658; x_wconf 81' lang='lat'><strong>¹)</strong></span> <span class='ocrx_word' id='word_1_185' title='bbox 334 4600 488 4659; x_wconf 77' lang='lat' dir='ltr'><strong>Fragments</strong></span> <span class='ocrx_word' id='word_1_186' title='bbox 503 4599 565 4648; x_wconf 87' lang='lat' dir='ltr'><strong>d’un</strong></span> <span class='ocrx_word' id='word_1_187' title='bbox 578 4605 722 4651; x_wconf 77' lang='lat' dir='ltr'><strong>manuscrit</strong></span> <span class='ocrx_word' id='word_1_188' title='bbox 737 4606 769 4652; x_wconf 90' lang='lat' dir='ltr'><strong>de</strong></span> <span class='ocrx_word' id='word_1_189' title='bbox 783 4605 934 4662; x_wconf 77' lang='lat' dir='ltr'><strong>Menandre,</strong></span> <span class='ocrx_word' id='word_1_190' title='bbox 950 4604 1107 4652; x_wconf 79' lang='lat' dir='ltr'><strong>deeouverts</strong></span> <span class='ocrx_word' id='word_1_191' title='bbox 1122 4607 1148 4651; x_wconf 89' lang='lat' dir='ltr'><strong>et</strong></span> <span class='ocrx_word' id='word_1_192' title='bbox 1162 4604 1267 4682; x_wconf 64' lang='lat' dir='ltr'><strong>publicis</strong></span> <span class='ocrx_word' id='word_1_193' title='bbox 1278 4618 1326 4663; x_wconf 81' lang='lat' dir='ltr'><strong>par</strong></span> <span class='ocrx_word' id='word_1_194' title='bbox 1335 4606 1368 4651; x_wconf 81' lang='lat' dir='ltr'><strong>M.</strong></span> <span class='ocrx_word' id='word_1_195' title='bbox 1379 4605 1495 4651; x_wconf 69' lang='lat' dir='ltr'><strong>Gustare</strong></span> 
     </span>
     <span class='ocr_line' id='line_1_25' title="bbox 263 4680 1493 4744; baseline 0.002 -17"><span class='ocrx_word' id='word_1_196' title='bbox 263 4680 400 4739; x_wconf 82' lang='lat' dir='ltr'><strong>Lesebvre‚</strong></span> <span class='ocrx_word' id='word_1_197' title='bbox 422 4680 573 4738; x_wconf 83' lang='lat' dir='ltr'><strong>inspecleur</strong></span> <span class='ocrx_word' id='word_1_198' title='bbox 593 4694 625 4727; x_wconf 91' lang='lat' dir='ltr'><strong>en</strong></span> <span class='ocrx_word' id='word_1_199' title='bbox 649 4683 710 4729; x_wconf 84' lang='lat' dir='ltr'><strong>ohel</strong></span> <span class='ocrx_word' id='word_1_200' title='bbox 730 4684 765 4730; x_wconf 91' lang='lat' dir='ltr'><strong>du</strong></span> <span class='ocrx_word' id='word_1_201' title='bbox 789 4686 889 4732; x_wconf 84' lang='lat' dir='ltr'><strong>service</strong></span> <span class='ocrx_word' id='word_1_202' title='bbox 912 4685 959 4730; x_wconf 88' lang='lat' dir='ltr'><strong>des</strong></span> <span class='ocrx_word' id='word_1_203' title='bbox 982 4683 1126 4742; x_wconf 70' lang='lat' dir='ltr'><strong>antiquitas</strong></span> <span class='ocrx_word' id='word_1_204' title='bbox 1148 4684 1180 4730; x_wconf 91' lang='lat' dir='ltr'><strong>de</strong></span> <span class='ocrx_word' id='word_1_205' title='bbox 1204 4683 1333 4744; x_wconf 83' lang='lat' dir='ltr'><strong>l‘Egypte,</strong></span> <span class='ocrx_word' id='word_1_206' title='bbox 1360 4684 1385 4732; x_wconf 91' lang='lat' dir='ltr'><strong>le</strong></span> <span class='ocrx_word' id='word_1_207' title='bbox 1409 4682 1493 4742; x_wconf 73' lang='lat' dir='ltr'><strong>Cane,</strong></span> 
     </span>
     <span class='ocr_line' id='line_1_26' title="bbox 262 4756 1111 4826; baseline 0.005 -23"><span class='ocrx_word' id='word_1_208' title='bbox 262 4756 425 4821; x_wconf 77' lang='lat' dir='ltr'><strong>imprimeris</strong></span> <span class='ocrx_word' id='word_1_209' title='bbox 443 4760 475 4806; x_wconf 88' lang='lat' dir='ltr'><strong>de</strong></span> <span class='ocrx_word' id='word_1_210' title='bbox 493 4760 616 4808; x_wconf 83' lang='lat' dir='ltr'><strong>l’institut</strong></span> <span class='ocrx_word' id='word_1_211' title='bbox 633 4761 745 4824; x_wconf 77' lang='lat' dir='ltr'><strong>franqais</strong></span> <span class='ocrx_word' id='word_1_212' title='bbox 763 4760 956 4826; x_wconf 69' lang='lat' dir='ltr'><strong>d’arohdologie</strong></span> <span class='ocrx_word' id='word_1_213' title='bbox 974 4763 1111 4812; x_wconf 81' lang='lat' dir='ltr'><strong>orientale.</strong></span> 
     </span>
    </p>
   </div>
   <div class='ocr_carea' id='block_1_8' title="bbox 0 0 1880 5492">
    <p class='ocr_par' dir='ltr' id='par_1_8' title="bbox 0 0 1880 5492">
     <span class='ocr_line' id='line_1_27' title="bbox 0 0 1880 5492; baseline 0 1"><span class='ocrx_word' id='word_1_214' title='bbox 0 0 1880 5492; x_wconf 95' lang='lat' dir='ltr'><strong> </strong></span> 
     </span>
    </p>
   </div>
  </div>
 </body>
</html>
