3750 5492
824 641 940 686 samu.

447 807 484 870 οὐ
507 809 580 882 θεός
603 826 653 871 σοι
676 803 789 886 φαίνετ’
817 803 910 883 eloam

753 1009 1013 1068 ΝΙΚΗΡΛΤΟΣ.

970 1120 1121 1198 φαίνεται·
1143 1119 1173 1180 τί
1192 1119 1249 1200 γὰρ
1271 1121 1381 1196 πάθος

270 1239 334 1297 260
448 1234 484 1297 οὐ
508 1235 664 1315 μαχοῦμαί
684 1252 733 1297 σοι
756 1233 808 1296 διὰ
830 1243 928 1312 κενῆς.

780 1425 981 1482 ΔΗΜΕΑΣ.

950 1543 1027 1596 νοῦν
1051 1533 1138 1614 ἔχεις,
1161 1533 1322 1616 Νικήρατε.

446 1651 622 1731 Ἀνδροκλῆς
645 1649 695 1730 ἔτη
718 1659 854 1712 τοσαῦτα
875 1652 925 1734 ζῇ,
947 1647 1055 1729 τρέχει,
1078 1649 1178 1733 χλιδᾷ,
1203 1648 1283 1710 πολὺ

446 1764 615 1846 πράττεται,
637 1762 728 1843 μέλας
752 1769 922 1842 περιπατεῖ,
947 1799 986 1807 -
1011 1760 1117 1834 λευκὸς
1141 1761 1197 1822 οὐκ
1216 1759 1254 1823 ἂν
1273 1760 1440 1843 ἀποθάνοι,
1453 1801 1493 1809 -

302 1957 359 2003 260.
377 1973 415 2002 σοι
432 1956 472 2002 διὰ
488 1956 565 2017 κενῆς]
583 1956 622 2003 διὰ
640 1964 705 2016 κενῆς
723 1973 761 2004 σοι
779 1955 917 2004 Richards.

301 2035 358 2081 261.
375 2031 475 2096 ”χλιδᾴ]
498 2036 573 2082 nollo
595 2035 661 2095 eod„
682 2037 745 2098 πηδᾷ
763 2033 880 2093 Croncrt,
898 2038 974 2090 παίζει
992 2035 1123 2092 Sudhaus,
1139 2039 1195 2097 γελᾷ
1212 2035 1321 2083 Eitrem.
1339 2036 1391 2082 Res
1407 2036 1494 2083 dubia.

268 2195 340 2262 legit
367 2195 545 2251 Athenaeus
560 2193 591 2262 1).
621 2196 747 2265 Scripsit
767 2197 856 2252 convo·-
947 2196 1002 2251 261
1028 2209 1072 2263 sq.
1094 2195 1254 2250 Androcles
1275 2195 1395 2251 aliunde
1411 2195 1492 2263 igno·

268 2289 347 2342 οιίιιιι
376 2288 510 2356 aliquod,
532 2290 610 2356 quod
631 2290 793 2357 Κορηβίωνα
813 2289 856 2343 in·
905 2290 965 2344 tus.
981 2288 1058 2343 Nam
1077 2287 1237 2357 Sophilum
1254 2287 1492 2355 comicumquod

269 2380 391 2449 scripsit
402 2377 439 2450 ²13
478 2381 536 2436 fuit
571 2383 675 2437 autem
713 2382 856 2449 Κυρηβίων
902 2379 1084 2436 Androclem
1099 2379 1260 2448 scripsisse
1270 2379 1402 2435 fabulam
1412 2394 1492 2436 acce·

267 2473 332 2529 sive
346 2474 475 2542 lilrforo
489 2471 512 2539 3)
527 2488 695 2542 cognomen
705 2473 853 2529 ludicrum
902 2474 1017 2542 pimus,
1034 2474 1098 2529 sive
1112 2472 1193 2528 huno
1204 2473 1268 2529 sive
1279 2472 1491 2540 cognominem

266 2566 428 2637 Epicratis²
452 2581 544 2634 quem
564 2567 732 2623 Aeschines
753 2569 855 2622 orator
902 2566 1032 2633 aliquem
1069 2564 1223 2621 hominem
1262 2564 1423 2636 spectavit,
1461 2566 1490 2620 id

266 2658 372 2715 habuit
398 2674 544 2727 generum
556 2655 588 2727 4).
617 2659 729 2715 Nostro
750 2661 854 2715 autem
901 2657 977 2712 nihil
1017 2658 1104 2713 nobis
1144 2658 1270 2726 prodest
1278 2673 1286 2726 3
1327 2672 1425 2725 neque
1458 2658 1490 2712 in

266 2750 330 2808 loco
352 2753 430 2820 quod
441 2755 603 2819 ἀσύμβολος
614 2751 680 2808 sive
690 2752 785 2822 orello
794 2754 855 2819 τρὲ-
900 2751 1103 2807 feneratorem
1121 2750 1304 2820 Sphettium‚
1323 2751 1368 2806 oui
1386 2751 1490 2807 Demo·

267 2847 368 2908 φεσθαι
392 2842 499 2897 dicitur
520 2841 728 2911 chaerephon,
746 2841 854 2896 iisdem
901 2843 1029 2899 sthenes
1058 2843 1226 2899 orationem
1254 2843 1414 2911 scripsisse
1437 2843 1490 2899 fer·

266 2934 366 2989 verbis
403 2936 438 2990 de
477 2949 511 2990 eo
542 2934 655 2990 dietum
686 2933 744 2990 luit
774 2934 853 3001 apud
901 2932 999 3010 ιοιθ),
1031 2936 1107 2992 satis
1139 2935 1324 2991 conveniunt
1350 2949 1426 3002 quae
1454 2937 1491 2992 de

265 3027 423 3082 Alexidem
435 3023 473 3092 5):
496 3028 538 3081 oei
555 3030 584 3092 γ’
602 3029 617 3080 ὁ
635 3029 782 3094 Χαιρεφῶν
800 3027 855 3079 τιν’
901 3029 1008 3084 nostro
1028 3027 1176 3083 Androole
1196 3028 1345 3083 dicuntur.
1363 3027 1491 3084 Videtur

267 3121 385 3187 εὑρίσκει
415 3121 523 3188 τέχνην·
543 3115 548 3185 Ι
567 3124 611 3173 καὶ
639 3125 690 3172 νῦν
715 3118 855 3186 πορίζεταί
901 3122 1092 3188 quaerendus
1115 3135 1184 3176 esse
1200 3120 1231 3174 in
1250 3135 1285 3177 eo
1302 3120 1363 3175 fere
1380 3135 1490 3188 genere

266 3216 354 3278 γετὰ
385 3216 475 3267 δεῖπν’
505 3216 656 3279 ἀσύμβολα.
676 3207 680 3277 Ι
699 3215 771 3267 ὅπου
801 3214 854 3279 γάρ
901 3213 1059 3268 hominum
1091 3214 1171 3269 unde
1198 3212 1255 3268 fuit
1283 3211 1491 3281 Chaerephon.

267 3309 341 3360 ἐστιν
371 3310 387 3361 ὁ
418 3309 536 3374 κέραμος
558 3308 748 3380 μισθώσιμος)
767 3308 855 3368 ὁτοῑς
902 3305 1012 3361 Fuitne
1050 3307 1259 3371 γελωτοποιός)
1293 3305 1351 3360 Sed
1382 3306 1489 3372 τρέχειν

267 3401 417 3466 μαγείροις,
437 3402 517 3464 εὐθὺς
535 3402 562 3456 ἐξ
578 3402 695 3454 ἑωθινοῦ
715 3402 719 3470 ι
738 3403 854 3467 ἕστηκεν
901 3413 955 3453 our
983 3397 1099 3453 dicatur
1126 3397 1289 3453 nescimus
1315 3396 1398 3463 Quod
1418 3399 1489 3451 πολὺ

266 3494 362 3546 ἐλθών·
385 3494 436 3546 κᾶν
457 3494 501 3562 ἴδῃ
525 3491 733 3560 μισθούμενον)
753 3494 790 3556 εἰς
810 3495 853 3546 ἑσ-
901 3493 1051 3557 πράττεται
1072 3490 1163 3545 homo
1185 3488 1277 3544 etiam
1298 3503 1403 3558 seneX,
1423 3503 1489 3544 con·
1561 3499 1564 3504 '

265 3585 367 3651 τίασιν,
388 3591 440 3638 τοῦ
459 3586 590 3652 μαγείρου
608 3587 763 3651 πυθόμενος
781 3585 785 3654 )
803 3587 854 3638 τὸν
901 3582 964 3637 fero
993 3584 1043 3646 τὰς
1070 3583 1180 3649 ἑταίρας
1203 3583 1252 3645 τὰς
1273 3584 1315 3635 ἐπὶ
1336 3583 1372 3635 τὰ
1393 3585 1490 3635 δεῖπνα

266 3680 416 3744 ἑστιῶντα,
435 3684 485 3745 τῆς
499 3681 584 3745 θύρας
594 3679 778 3745 χασμωμένης
796 3681 800 3748 Ι
820 3680 853 3729 ἂν
901 3677 1054 3741 τρεχούσας
1085 3678 1129 3728 καί
1161 3676 1228 3729 δέκα
1256 3677 1378 3741 δραχμὰς
1404 3693 1489 3742 πρατ-

266 3772 439 3838 ἐπιλάβηται,
464 3777 576 3837 πρῶτος
597 3771 779 3837 εἰσελήλυθεν.
900 3769 1032 3834 τομένας,
1061 3768 1095 3822 de
1123 3766 1231 3834 quibus
1261 3782 1354 3836 supra
1378 3768 1490 3823 Demea

307 3863 374 3917 259.
395 3864 422 3917 τί
450 3866 503 3930 γὰρ
528 3865 620 3930 πάθω]
642 3861 730 3917 inviti
751 3876 852 3917 conoe·
900 3874 969 3914 cum
991 3861 1147 3915 contemtu
1168 3861 1289 3916 locutus
1311 3861 1360 3915 est
1377 3856 1408 3927 9).

266 3955 368 4010 dentis
390 3952 495 4021 voni).
941 3954 1009 4007 262.
1031 3951 1160 4020 Capillos
1191 3951 1286 4020 igitur
1306 3953 1418 4008 tinctos
1439 3953 1490 4008 ha·

307 4050 373 4103 260.
397 4052 441 4102 διὰ
463 4050 552 4116 κενῆς]
571 4049 691 4115 frustra
707 4069 747 4092 =
762 4048 853 4114 μάτην
901 4046 990 4100 bebai
1030 4045 1121 4099 homo
1167 4045 1265 4100 artem
1312 4046 1491 4101 senescendi

265 4140 312 4195 vel
333 4143 422 4204 ἄλλως
435 4136 467 4206 ⁷).
900 4137 1050 4192 nesciens.

299 4362 319 4426 ι)
336 4365 376 4414 Ol.
398 4367 490 4413 Athen.
515 4369 681 4414 liceo-ilio
704 4368 747 4426 (=
757 4367 825 4415 Men.
849 4367 880 4413 fr.
899 4368 956 4422 277,
976 4369 1033 4423 320,
1052 4368 1100 4412 364
1118 4365 1257 4424 Antiphan.
1276 4367 1323 4412 199
1343 4365 1456 4411 Timoth.
1475 4365 1488 4410 1

266 4435 375 4482 Timool.
403 4436 417 4480 9
440 4435 559 4493 Apollod.
583 4432 682 4493 Caryst.
706 4436 748 4490 nl,
771 4436 802 4481 ie
827 4434 937 4480 Maohon
960 4432 987 4480 in
1010 4433 1120 4492 Ohriis);
1142 4433 1200 4479 add.
1225 4434 1295 4479 Alex.
1315 4434 1345 4478 ir.
1364 4433 1422 4491 210,
1440 4429 1488 4478 267

265 4502 357 4548 Aiheu.
384 4502 459 4549 cele.
487 4528 516 4536 -
544 4500 565 4564 ἲ)
582 4503 674 4549 Athen.
699 4503 778 4548 arra.
802 4526 831 4535 —-
856 4499 876 4562 ³)
894 4500 933 4547 Cf.
958 4504 999 4548 Ar.
1020 4503 1068 4559 Eq.
1087 4501 1143 4548 254.
1161 4526 1192 4535 ·-
1210 4494 1232 4557 ⁴)
1249 4501 1341 4546 Athen.
1360 4497 1438 4545 Md.
1457 4524 1487 4531 -

266 4565 287 4627 ⁵)
304 4571 359 4616 L.l.
377 4570 461 4629 (Alex.
481 4570 512 4615 ir.
530 4569 599 4627 col).
621 4596 648 4602 —
667 4565 688 4628 ⁶)
707 4569 745 4616 cf.
763 4583 801 4615 vs.
819 4570 877 4617 236.
893 4595 924 4603 -
944 4565 964 4631 7)
982 4567 1021 4614 Ol.
1039 4583 1076 4614 vs.
1096 4569 1143 4614 eci
1163 4568 1194 4613 ir.
1213 4564 1272 4614 580ι
1288 4569 1330 4613 Ατ.
1346 4567 1424 4626 Vesp.
1440 4567 1488 4612 929

265 4636 331 4683 Plal.
350 4638 382 4682 fr.
402 4634 473 4685 ΠΨ
489 4638 561 4684 Alex.
581 4634 652 4683 ΙΨ)
669 4637 802 4696 Euphron.
821 4633 857 4683 1³l
876 4636 984 4683 Timool.
1002 4631 1295 4696 27⁶.-⁸)[Demosth.]
1310 4634 1410 4696 XXXV,
1424 4646 1492 4692 qnae

265 4705 334 4751 ciros
352 4718 448 4752 anuum
467 4707 516 4752 3⁵0
534 4705 623 4751 habita
640 4703 744 4751 videtur
762 4706 855 4751 oratio.
872 4730 905 4738 —
923 4701 944 4763 9)
962 4705 1046 4763 Supra
1063 4715 1100 4749 vs.
1121 4703 1168 4750 l'l'l
1187 4717 1225 4763 sq.
