3750 5492
881 613 996 659 SfflIA.

551 784 593 860 είς
614 786 647 848 τὸ
670 792 804 864 ταμιεῖον
827 784 932 866 ἔτυχον
956 785 1112 866 εἰσελθών,
1135 785 1211 848 ὅθεν

550 901 642 962 πλείω
665 909 820 981 προαιρῶν
843 899 894 961 καί
918 901 1128 980 σκοπούμενος
1150 898 1222 974 τέως

551 1013 607 1076 οδιι
630 1014 726 1088 εὐθὺς
750 1013 890 1092 ἐξῆλθον,
913 1011 983 1076 καθ’
1009 1010 1045 1075 δν
1069 1009 1097 1076 δ’
1122 1006 1162 1095 ἦν
1186 1014 1296 1096 χρόνον
1319 1014 1376 1098 ἐγὼ

551 1128 702 1209 ἐνταῦθα,
724 1125 872 1208 κατέβαιν’
897 1124 949 1207 ἀφ’
976 1129 1117 1214 ὑπερῴου
1141 1152 1184 1204 τις
1206 1128 1284 1212 μονὴ

550 1240 674 1305 tooure
697 1242 739 1316 είς
762 1241 960 1325 τοῦμπροσθε
982 1252 1036 1305 τοῦ
1060 1244 1228 1323 ταμιειδίοο

551 1358 671 1436 οἴκημα·
696 1358 834 1439 τυγχάνει
858 1357 914 1439 γὰρ
938 1358 1044 1420 ίστεών
1067 1381 1111 1432 τις
1134 1357 1187 1438 δία,

552 1468 625 1534 ὥσθ’
652 1472 672 1552 ἥ
696 1468 716 1533 τ’
743 1470 893 1552 ἀνάβασίς
918 1471 980 1534 ἐστι
1005 1470 1056 1534 διὰ
1077 1473 1186 1535 τούτου
1208 1473 1241 1535 τί
1264 1495 1294 1535 τε

550 1592 685 1665 ταμιεῖον
708 1583 792 1665 ἡμῖν.
815 1596 869 1648 τοῦ
893 1583 927 1648 δὲ
950 1586 1134 1667 Μοσχίωνος
1156 1578 1197 1666 ἦν

547 1701 639 1780 τίτθη
662 1725 706 1774 τις
730 1701 807 1780 αὕτη
831 1699 1037 1783 πρεσβυτέρα,
1058 1696 1199 1783 γεμοναῖ’
1224 1700 1280 1782 ἐμὴ

551 1811 726 1896 θεράπαιί,
749 1814 894 1897 ἐλευθέρα
919 1813 953 1877 δὲ
972 1824 1041 1877 νῦν.
1065 1816 1175 1878 ἰδοῦσα
1199 1812 1232 1877 δὲ

547 1929 581 1992 τὸ
603 1930 728 1992 παιδίον
752 1930 896 2011 ιιειιραμδς
920 1928 1112 2010 ἠμελημένον

550 2042 600 2123 ἐμέ
622 2039 655 2110 τ’,
670 2040 761 2106 οὐδὲν
784 2041 879 2107 εἰδυῖ’
907 2044 998 2106 ἔνδον
1022 2039 1093 2125 ὅντ’,
1114 2043 1147 2107 ἕν
1170 2043 1304 2123 ἀσφαλεῖ

550 2153 627 2220 είναι
651 2160 802 2238 νομίσασα
825 2170 880 2222 τοῦ
903 2165 1016 2240 λαλεῖν,
1037 2157 1248 2243 προσέρχεται,

548 2273 717 2335 καὶταῦτα
742 2273 781 2354 δὴ
804 2274 841 2336 ric
863 2276 961 2337 κοινά·
985 2274 1157 2355 ,,φίλιαιον
1179 2273 1304 2336 τέκνον“

1326 2404 1558 2412 -ι--ι-

362 2434 401 2479 14.
419 2434 451 2486 ιλς
466 2427 504 2493 ιδ]
523 2432 659 2492 supplerit
676 2432 733 2479 Lei.

362 2513 401 2560 15.
419 2513 474 2566 πέος
489 2512 555 2572 Leo]
572 2511 659 2572 ιοω(1)
676 2512 743 2571 eod„
760 2513 854 2575 σφόδρα
871 2514 964 2561 Hauon
980 2510 1052 2577 (coll.
1070 2514 1175 2561 Thasm.
1193 2514 1261 2574 618).

362 2595 401 2640 18.
420 2593 549 2651 repetitae
574 2593 695 2653 Orouert]
721 2603 826 2651 ιαμιιῑου
851 2593 908 2640 eod.
933 2594 998 2641 vitio
1024 2594 1173 2650 manifesto,
1198 2590 1265 2642 mihi
1289 2589 1317 2640 in
1341 2593 1456 2640 mentem
1482 2589 1559 2640 venit

327 2669 414 2737 *οὗπερ
432 2669 459 2731 ἦν
477 2676 526 2730 lyei.

360 2778 391 2786 -
408 2752 439 2798 In
457 2752 508 2799 tine
525 2764 616 2799 versus
633 2757 760 2812 punotum
778 2752 877 2800 delevit
894 2751 979 2810 awti,
996 2757 1057 2815 post
1074 2755 1160 2813 οἴκημα
1178 2749 1293 2813 scripsit.

360 2833 401 2879 21.
420 2831 485 2891 ἡμῖν]
505 2829 602 2891 *lyrici
620 2830 687 2880 Mira
705 2831 845 2881 verborum
863 2836 1006 2881 structura:
1026 2834 1052 2880 ιλ
1070 2836 1241 2892 repertorium
1259 2833 1486 2886 drivastensem.

361 2913 401 2957 26.
419 2912 553 2970 virgulam
572 2915 632 2972 post
649 2916 768 2969 νομίσασα
786 2912 884 2960 delevit
901 2916 962 2973 post
978 2918 1055 2960 λαλεῖν
1073 2910 1179 2973 scripsit
1194 2914 1256 2960 Lao.

369 3060 405 3114 14
443 3074 488 3127 sq.
527 3061 664 3116 Matrona
699 3061 726 3116 si
757 3061 938 3157 adfuisset)
1003 3062 1051 3118 23.
1079 3063 1192 3118 Demea
1218 3062 1398 3118 manumisit
1422 3061 1556 3119 antehae

326 3152 396 3208 huic
423 3152 530 3221 opinor
558 3154 670 3210 Demea
697 3168 801 3210 curem
828 3169 876 3211 res
901 3171 914 3210 e
936 3187 938 3321 Ι
961 3155 1099 3211 ancillam
1128 3170 1226 3226 suam,
1247 3169 1324 3223 quae
1344 3153 1473 3211 nutrivit
1494 3155 1555 3210 Μο-

326 3245 397 3300 cella
429 3247 556 3316 penaria
593 3249 778 3317 εαμνονααισι·
796 3244 817 3314 1)
850 3247 913 3305 reli·
961 3249 1116 3305 suhiouem
1135 3248 1293 3318 infantem,
1310 3248 1348 3304 ab
1358 3248 1426 3317 ipso
1436 3247 1555 3305 Demea

326 3339 453 3405 quisset.
936 3328 996 3397 lut
1032 3344 1139 3410 opinor
1179 3342 1356 3413 inventum3
1394 3340 1553 3411 Chrysidis

368 3433 494 3488 19-21.
523 3434 604 3489 Ante
631 3434 736 3490 cellam
759 3435 913 3503 penariam
961 3437 1063 3491 autem
1084 3435 1210 3492 fratrem
1230 3435 1313 3491 huno
1329 3449 1399 3491 esse
1416 3435 1555 3504 suspicio

324 3525 380 3581 fuit
398 3525 538 3582 conclave
556 3527 684 3597 aliquod,
700 3528 730 3582 in
742 3543 800 3596 quo
811 3528 913 3584 lanam
936 3582 938 3587 ,
960 3543 1028 3585 mea
1061 3531 1121 3599 est,
1152 3528 1229 3585 levis
1261 3543 1345 3590 sane.
1377 3527 1554 3586 Permansit

324 3619 420 3675 faeere
442 3620 581 3676 solebant
600 3620 738 3691 ancillae;
760 3635 813 3690 per
834 3622 913 3689 quod
935 3602 938 3647 l
960 3621 1027 3678 dein
1056 3637 1133 3677 anus
1160 3622 1192 3677 in
1216 3619 1329 3682 familia
1349 3622 1469 3690 iamque
1489 3622 1553 3680 Mo·

324 3714 464 3770 conclave
485 3715 569 3770 etad
587 3714 776 3783 superiorem
795 3713 913 3770 sedium
936 3762 938 3767 .
961 3714 1094 3770 sohionis
1120 3714 1246 3771 filiolum
1273 3717 1368 3786 curat,
1399 3717 1552 3784 quantum

258 3849 260 3851 .
324 3809 442 3874 partem
470 3812 533 3876 (per
560 3808 669 3873 scalas)
696 3810 728 3864 et
753 3809 790 3864 ad
813 3807 913 3876 ipsam
936 3810 938 3865 l
960 3806 1080 3875 quidem
1100 3821 1154 3876 per
1181 3809 1315 3865 aetatem
1328 3808 1552 3877 provectiorem

324 3898 430 3953 cellam
451 3899 541 3956 fiebat
562 3901 673 3956 aditus.
936 3882 937 3899 ¹
960 3901 1073 3969 potest.
1096 3899 1223 3968 Aliquae
1244 3903 1275 3955 in
1295 3900 1396 3959 fabula
1416 3901 1553 3960 fortasse

368 3992 413 4047 19.
433 3994 543 4061 ἱστεών]
562 3993 615 4062 sio,
637 4008 698 4048 non
720 3995 814 4061 ἱστών,
834 3995 912 4062 quod
935 3976 938 4027 ¹
960 3993 1023 4061 egit
1049 3995 1161 4062 partes.
1183 3993 1360 4050 conferatur
1380 3995 1484 4050 autem
1505 3995 1554 4052 Ti·

324 4086 512 4155 expectatur,
535 4085 672 4141 dicebaut
686 4083 717 4153 2).
959 4086 1026 4141 bius
1044 4087 1150 4156 pastor
1170 4086 1394 4156 manumissus,
1412 4086 1499 4143 euius
1518 4088 1552 4144 in

366 4177 403 4231 20
424 4191 469 4243 sq.
491 4178 571 4233 Sana
592 4178 619 4233 si
640 4180 713 4233 sunt
733 4175 849 4249 hae03),
862 4194 910 4234 ne·
959 4178 1059 4235 Heres
1080 4178 1180 4235 sabula
1201 4179 1315 4237 mentio
1336 4180 1370 4237 nt
1384 4175 1416 4247 4).

324 4268 481 4337 glegeuter
507 4285 588 4326 nuno
608 4271 722 4327 dictum
743 4274 791 4327 est
811 4275 844 4326 τὸ
865 4291 912 4326 τα·
1000 4272 1047 4328 25.
1077 4275 1169 4340 ἔνδον]
1199 4274 1303 4329 mente
1330 4273 1405 4329 adde
1427 4278 1479 4328 rou
1500 4291 1553 4328 τα-

233 4413 236 4419 .
325 4369 411 4428 μιεῖον
432 4378 485 4431 pro
506 4368 524 4431 ἡ
546 4365 654 4428 εἴσοδος
672 4366 709 4428 εἰς
725 4368 759 4418 τὸ
776 4371 912 4431 ταμιεῖον.
962 4366 1057 4431 μιείου.

358 4560 378 4623 ¹)
397 4563 434 4612 Cf.
457 4568 500 4613 Ar.
518 4568 622 4614 Thesm.
642 4569 699 4615 419.
718 4594 747 4602 —
766 4567 788 4627 2)
802 4568 942 4626 Phryuioh.
960 4583 982 4617 s.
999 4583 1022 4616 v.
1040 4565 1140 4634 (ibique
1157 4567 1282 4633 Lobeok),
1298 4570 1364 4618 Poll.
1381 4569 1430 4618 vn
1447 4571 1489 4618 18.
1508 4571 1552 4620 Oi.

324 4638 471 4759 πριργοριώᾌ
488 4639 611 4749 {spatiantia
638 4636 736 4684 formae
762 4635 917 4684 deteriores:
947 4637 990 4684 Ar.
1016 4638 1062 4685 Au.
1089 4639 1154 4686 1113
1179 4639 1239 4698 Lys.
1265 4640 1322 4686 2⁰0.
1346 4663 1380 4673 —
1401 4633 1424 4700 ⁸)
1440 4634 1476 4684 ct
1488 4652 1553 4689 amr.

324 4712 381 4746 eru.
402 4726 433 4735 —
514 4717 549 4749 er.
616 4714 655 4762 sq.
