3750 5492
888 648 1006 693 snum.
1497 636 1557 695 117

235 845 237 847 ·
331 821 389 881 illa
419 824 518 895 atque
545 820 700 896 ignobilis
717 815 749 897 ι1,
780 819 852 896 ipse
882 822 995 882 autem
1026 819 1170 882 Demeae
1200 821 1262 883 viri
1293 823 1409 884 divitis
1423 817 1456 904 ²)⁴
1474 823 1563 885 filius

331 934 507 1010 adoptivus
521 929 553 1005 3).
589 934 682 996 Clam
713 935 814 1010 igitur
844 950 921 996 cum
952 950 991 996 ea
1023 936 1191 1012 convenit,
1223 937 1361 1012 gravida
1389 938 1480 1000 facta
1511 941 1564 1000 est

330 1048 453 1126 puella,
481 1051 581 1110 natus
609 1051 661 1110 est
689 1064 779 1125 puer.
808 1049 891 1110 Rem
913 1051 1043 1124 patrem
1068 1034 1189 1110 celavit
1210 1043 1374 1126 puella⁴):
1397 1052 1560 1115 infantem

328 1178 444 1225 recens
477 1166 595 1225 natum
629 1164 765 1224 tradidit
798 1164 994 1241 Moschioni,
1031 1165 1087 1239 qui
1116 1164 1151 1224 in
1183 1165 1282 1226 aedes
1311 1164 1453 1227 Demeae
1484 1182 1560 1229 eum

330 1278 460 1352 attulit;
492 1279 550 1339 sed
580 1292 698 1338 verum
728 1278 805 1339 huic
836 1276 985 1339 confiteri
1013 1293 1089 1338 cum
1113 1277 1218 1339 nollet
1242 1280 1388 1340 autnon
1412 1281 1561 1360 auderet,

330 1404 396 1468 per·
414 1407 515 1453 anum
542 1392 707 1453 nutricem
727 1407 747 1453 a
770 1390 931 1466 Chryside
954 1391 1063 1467 puella
1086 1391 1211 1470 Samia,
1235 1394 1341 1468 patris
1365 1394 1561 1472 concubina,

329 1506 522 1582 impetravit
550 1508 588 1567 ut
618 1506 700 1566 haec
730 1505 803 1566 seni
826 1506 948 1567 moeret
970 1521 1007 1567 se
1029 1507 1199 1567 invenisse
1222 1507 1385 1570 infantem
1400 1503 1423 1580 ⁵)
1447 1513 1480 1571 et
1502 1526 1560 1586 pro

328 1634 389 1681 suo
423 1620 562 1680 educare
596 1618 692 1680 velle.
726 1619 917 1693 improbare
953 1620 1060 1696 primo
1090 1619 1261 1695 Chrysidis
1292 1621 1354 1683 hoc
1385 1622 1559 1684 consilium

329 1733 466 1811 Demea,
503 1749 583 1795 mox
617 1733 760 1795 feminae
793 1734 856 1794 sibi
890 1733 1129 1795 dilectissimae
1164 1734 1317 1811 precihus
1347 1737 1456 1798 victus
1486 1752 1559 1799 con-

329 1847 443 1908 cedere
464 1849 502 1908 ut
525 1848 610 1924 apud
633 1863 669 1908 se
692 1848 850 1924 puerulus
874 1848 1083 1909 educaretur.

374 1962 498 2023 Mutato
521 1962 597 2023 dein
621 1963 758 2024 consilio
782 1997 824 2006 —
849 1979 906 2023 cur
924 1968 983 2023 aut
1002 1963 1165 2036 quomodo
1185 1964 1355 2025 nescimus
1373 1997 1417 2006 —
1436 1963 1559 2026 Demea

329 2076 508 2138 Moschioni
527 2080 642 2139 auctor
660 2078 723 2139 fuit
741 2080 778 2139 ut
797 2077 943 2138 Nicerati
962 2076 1063 2138 vicini
1082 2076 1185 2139 filiam
1203 2076 1406 2153 Plangonem
1419 2093 1558 2140 uxorem

327 2190 471 2251 duceret.
491 2192 645 2268 Impense
665 2193 719 2253 hic
737 2191 868 2253 laetari:
889 2206 1064 2266 properare
1084 2192 1228 2266 nuptias.
1249 2189 1318 2252 Cibi
1332 2191 1433 2267 igitur
1445 2207 1558 2266 quam·

327 2305 472 2380 primum
496 2320 514 2366 e
536 2305 620 2366 cella
641 2308 719 2367 sunt
742 2305 919 2383 expromti,
944 2306 985 2366 ad
1004 2321 1145 2379 coquum
1166 2306 1414 2367 conducendum
1434 2307 1559 2368 missus

329 2421 380 2479 est
413 2406 582 2497 atriensis,
617 2419 696 2480 laeti
727 2418 895 2480 tumultus
928 2420 962 2480 in
993 2418 1137 2498 Demeae
1167 2419 1305 2480 aedibus
1336 2419 1434 2495 plena
1464 2423 1558 2482 erant

328 2532 449 2594 omnia.
480 2533 565 2593 'Pum
594 2533 718 2594 Demea
743 2534 829 2594 forte
853 2533 988 2594 fortuna
1011 2533 1093 2594 duas
1117 2549 1159 2594 ex
1183 2532 1313 2594 ancillis
1337 2535 1409 2594 suis
1432 2535 1558 2595 audivit

327 2631 469 2708 inter'se
481 2647 717 2724 colloquentes,
732 2663 774 2708 ex
785 2662 926 2721 quarum
939 2646 1051 2708 verbis
1062 2645 1228 2707 intellexit
1240 2647 1345 2722 ipsius
1356 2647 1558 2709 Moschionis

249 2780 251 2783 ¹
328 2777 402 2822 esse
424 2762 588 2823 infantem
612 2777 709 2836 quem
733 2761 887 2822 educaret
905 2760 1057 2836 Chrysis;
1079 2776 1116 2822 se
1135 2776 1239 2822 unum
1257 2762 1290 2822 id
1308 2776 1381 2822 esse
1402 2762 1556 2823 celatum.
1580 2821 1584 2824 ,

328 2874 392 2936 Cur
423 2877 525 2937 vero?
555 2876 665 2951 Ipsius
696 2874 865 2950 Chrysidis
888 2873 1025 2936 filiolum
1050 2889 1124 2936 esse
1147 2875 1310 2951 suspicari
1333 2876 1453 2952 coepit,
1478 2891 1559 2937 mox

326 2990 361 3049 in
380 2994 507 3051 certam
525 2989 776 3066 persuasionem
797 2990 897 3050 vertit
917 2989 1073 3065 suspicio.
1093 2989 1219 3050 Siccine
1233 2989 1392 3065 propudio
1405 2989 1557 3051 sciuisse

326 3102 395 3166 filio
424 3106 458 3164 et
488 3103 706 3164 concubinae!
738 3103 832 3165 Hanc
862 3118 965 3164 unam
995 3106 1128 3165 sontem
1156 3103 1272 3164 habet:
1296 3104 1452 3164 iuvenem
1475 3104 1556 3164 inte·

326 3219 508 3294 gerrimum
539 3218 603 3278 nisi
626 3217 725 3279 malis
748 3217 875 3279 artibus
899 3233 918 3279 a
941 3216 1136 3279 muliercula
1158 3217 1284 3279 lasciva
1306 3216 1487 3294 pellectum
1509 3218 1557 3279 ita

327 3346 461 3408 peccare
490 3331 524 3391 in
554 3346 591 3392 se
613 3346 783 3406 nunquam
806 3331 971 3408 potuisset
997 3331 1197 3393 Moschionis
1219 3332 1319 3406 igitur
1338 3346 1439 3392 causa
1461 3333 1556 3406 turpe

361 3615 381 3679 ¹)
399 3618 438 3666 ot
455 3631 493 3666 vs.
512 3619 559 3665 184
578 3630 646 3676 sqq„
666 3618 723 3665 248.

326 3745 328 3748 .
360 3693 382 3758 ²)
400 3696 439 3744 Ci.
457 3710 496 3750 rs.
516 3697 573 3745 161.

361 3774 381 3840 ³)
400 3776 499 3825 Similis
529 3779 570 3823 est
593 3777 693 3824 Demea
718 3779 807 3823 noster
834 3774 939 3823 Micioni
964 3771 1123 3822 Terentiano
1147 3770 1201 3820 sive
1226 3773 1394 3831 Menandreo,
1421 3786 1500 3832 quem
1527 3785 1580 3822 ex.

326 3856 454 3918 Adelphis
477 3855 567 3903 tabula
591 3858 722 3904 novimus.
744 3858 779 3905 Ut
801 3857 871 3903 hunc
895 3851 975 3917 (Men.
994 3856 1025 3900 fr.
1045 3850 1079 3916 1),
1096 3851 1135 3900 sio
1153 3853 1278 3900 Demeam
1296 3866 1403 3900 uxorem
1422 3865 1557 3912 nunquam

326 3937 451 3985 habuisse
477 3937 590 3984 arbitror
615 3934 661 3999 (ci.
687 3949 724 3983 vs.
752 3937 803 3996 22).
829 3933 964 3982 Aeschinus
989 3936 1077 3981 autem
1099 3933 1219 3980 Minionis
1242 3933 1311 3980 iilius
1334 3931 1474 3992 adoptivus
1497 3944 1556 3979 oum

326 4018 431 4061 nostrae
457 4013 562 4063 fabulae
588 4017 739 4063 Moschione
763 4016 808 4074 qui
830 4016 981 4062 conferatur
1003 4012 1176 4074 dignissimus
1199 4015 1246 4060 est.
1265 4013 1440 4067 DeNicerato
1457 4009 1559 4057 Demeae

328 4094 484 4143 Terentiano
503 4093 585 4142 simili
603 4096 636 4142 ci.
654 4109 692 4143 vs.
712 4096 769 4142 205.

360 4168 382 4233 ⁴)
400 4174 479 4221 histri
496 4189 538 4222 res
556 4173 684 4230 innotuit;
702 4175 735 4221 oi.
754 4187 792 4220 vs.
812 4174 870 4220 213.

360 4249 382 4313 ὅ)
403 4254 441 4300 Ci.
465 4267 503 4300 vs.
528 4256 585 4312 140,
609 4254 666 4310 159,
691 4255 748 4301 196.
771 4254 839 4299 Ante
862 4251 1037 4312 paucissimos
1060 4250 1115 4297 dies
1139 4249 1203 4296 haec
1223 4248 1350 4295 accidisse
1369 4250 1480 4308 apparet
1497 4249 1557 4296 ooll.

326 4345 365 4379 vs.
385 4333 441 4379 195.
459 4359 492 4366 -
506 4334 606 4380 Revera
624 4333 760 4392 peperisse
777 4345 861 4392 nuper
880 4331 1033 4390 Chrysidem
1052 4344 1083 4377 ex
1097 4331 1204 4386 Demea,
1219 4329 1266 4375 sed
1281 4341 1340 4375 cum
1353 4330 1473 4375 mortuus
1488 4331 1558 4376 esset

327 4411 384 4458 eius
409 4412 505 4470 inians,
531 4413 598 4460 clam
624 4414 723 4460 Demea
749 4413 773 4459 ei
799 4409 969 4459 substituisse
991 4410 1149 4457 Moschionis
1171 4409 1290 4465 tiliolum,
1311 4410 1372 4455 sunt
1389 4409 1436 4466 qui
1453 4411 1558 4455 sumant

327 4492 435 4551 propter
458 4504 563 4539 versum
582 4492 621 4538 51.
640 4490 691 4538 Sed
709 4494 735 4538 et
753 4488 804 4538 alia
821 4491 926 4537 obstare
944 4487 1008 4536 mihi
1026 4488 1150 4536 videntur
1167 4488 1308 4548 quominus
1326 4489 1430 4548 poetam
1447 4499 1502 4534 rem
1520 4487 1557 4535 ita

326 4569 432 4617 finxisse
456 4582 591 4617 sumamus
614 4572 640 4617 et
661 4583 753 4617 versus
774 4572 835 4628 1963
854 4583 914 4617 nam
935 4576 1045 4617 matrem
1069 4566 1193 4617 'vesanam
1216 4581 1310 4616 vocare
1327 4569 1469 4627 propterea
1487 4566 1558 4626 quod

328 4662 407 4697 suum
430 4647 515 4710 ipsius
536 4649 662 4697 infantem
687 4664 739 4697 non
762 4647 889 4697 abiecerit
911 4648 959 4696 sed
976 4650 1079 4705 educet,
1101 4661 1178 4696 nemo
1194 4650 1281 4707 potest
1298 4647 1348 4694 nisi
1364 4639 1476 4694 rosanus
1492 4643 1558 4707 ipse.

332 4726 371 4776 Ci.
390 4730 468 4777 etiam
486 4743 524 4777 vs.
543 4731 574 4777 99
592 4743 641 4790 sq.,
660 4730 707 4776 119
726 4729 759 4776 al.
