3750 5492
917 1327 942 1393 Ι.

742 1537 1128 1610 ΜΕΝΛΝΛΡΟΥ

834 1750 1028 1834 irrora.

584 2314 637 2368 TA
662 2313 746 2370 ΤΟΥ
766 2312 1003 2370 ΛΡΛΜΑΤΟΣ
1026 2311 1234 2370 ΠΡΟΣΩΠΑ
1254 2306 1286 2380 ²).

677 2471 770 2546 Γέτας
793 2471 909 2552 οἰκίτης
936 2473 1071 2533 Φειδίου.

678 2593 760 2659 Λᾶος
784 2585 900 2666 οἰκέτης
929 2587 1075 2666 Λάχητος.

670 2698 773 2780 Ἥρως
796 2700 879 2773 θεός.

679 2815 826 2893 Μυρρίνη
850 2813 928 2895 γυνὴ
953 2813 1102 2894 Λάχητος.

680 2929 805 3003 Φειδίας
828 2929 952 3002 νεανίας
968 2926 1000 2996 ³).

680 3043 835 3123 Σωφράνη
858 3043 971 3124 τροφὸς
996 3045 1161 3125 Μνρρίνης
1177 3044 1211 3119 4).

679 3158 851 3238 Σαγγάριος
874 3157 989 3237 οἰκέτης
1006 3154 1036 3231 5),

680 3272 811 3352 Γοργίας
834 3271 967 3344 νεανίας.

682 3386 787 3466 Λάχης
809 3385 905 3466 γέρων
919 3380 953 3457 6).

361 3566 381 3629 ¹)
397 3571 429 3616 In
445 3584 506 3630 pap.
525 3572 565 3617 est
579 3573 682 3617 tantum
700 3572 820 3632 ιιαιδρου.
845 3571 945 3618 Nomen
963 3571 1067 3619 fabulae
1087 3572 1222 3632 supplevit
1238 3573 1294 3619 Les.
1312 3572 1371 3619 ooli.
1389 3573 1475 3619 indioe
1493 3570 1550 3632 ps'r·

325 3662 460 3706 sonarum
479 3650 523 3707 qui
540 3648 563 3696 si
580 3663 671 3697 verum
689 3648 766 3706 vidit,
785 3651 846 3697 olim
864 3651 915 3696 fuit
933 3669 992 3714 ηρως
1008 3652 1145 3714 μιιαιδρου.

359 3727 380 3788 ²)
397 3727 460 3788 Pap.
478 3730 543 3776 haeo
560 3732 662 3776 tantum
681 3730 762 3776 habet
779 3729 881 3776 duobus
898 3730 1034 3776 ordinibus
1051 3732 1212 3790 persoripta:

326 3826 355 3855 τοι
377 3825 420 3856 τον
442 3805 515 3872 δραμΙ
538 3824 654 3872 προοωπα
674 3805 679 3871 Ι
700 3813 774 3863 strae
793 3809 797 3869 Ι
818 3815 882 3862 Δαος
903 3811 907 3869 Ι
930 3815 1000 3872 Ηριος
1022 3815 1079 3863 &sog
1099 3805 1104 3871 Ι
1125 3813 1237 3873 Μυρρινη
1259 3808 1263 3870 Ι
1283 3809 1383 3863 Φοιδιας
1394 3805 1405 3870 ΙΙ
1416 3806 1548 3872 ΣωφρονηΙ

324 3895 455 3951 Σαγγάριος
469 3885 473 3950 Ι
490 3893 513 3934 Γ
511 3907 591 3952 οργιας
605 3886 610 3951 Ι
625 3892 721 3948 Λάχης.

355 3964 377 4025 ³)
396 3967 498 4014 Phidias
512 3966 637 4014 iuvenum
647 3981 742 4015 nomen
752 3980 810 4015 esse
826 3968 895 4016 solet
912 3966 940 4015 in
958 3969 1108 4026 comoedia,
1127 3969 1217 4028 itaque
1234 3965 1262 4015 in
1276 3968 1325 4015 hao
1340 3980 1446 4027 quoque
1463 3967 1553 4014 fabula

326 4048 406 4094 inisse
425 4041 477 4094 fe'rt
494 4045 571 4095 ratio.

398 4128 436 4173 De
453 4126 578 4188 Sophrona
594 4127 663 4186 quod
681 4124 788 4186 scripsi,
805 4129 845 4173 est
860 4128 925 4173 haeo
945 4128 1107 4185 oonieotura,
1125 4131 1152 4173 at
1167 4127 1372 4186 haudquaquam
1390 4125 1478 4183 dubia,
1492 4139 1551 4172 oon-

327 4209 399 4252 stans
421 4208 490 4253 enim
509 4208 639 4254 nutricum
657 4206 707 4253 hoo
726 4210 766 4252 est
784 4219 879 4252 nomen
896 4208 923 4253 in
941 4207 1075 4254 comoedia
1082 4219 1088 4263 ;
1107 4207 1140 4253 of.
1160 4205 1277 4254 Terentii
1294 4208 1360 4253 Eun.
1380 4210 1406 4253 et
1423 4207 1554 4253 Phormio.

328 4282 412 4331 Etiam
430 4287 456 4331 in
475 4287 688 4346 Disceptantibus
705 4287 840 4346 Sophrona
858 4287 946 4332 nutrix
964 4287 1093 4345 quaedam
1112 4288 1200 4346 partes
1217 4283 1279 4344 agit.

361 4358 382 4420 ὖ)
405 4362 539 4424 δαιγαιίαο
560 4363 685 4425 mancipii
708 4370 748 4413 eat
772 4377 880 4419 nomsn;
905 4380 984 4424 quem
1008 4368 1045 4412 ita
1069 4367 1125 4412 fere
1149 4369 1179 4413 ut
1197 4365 1403 4426 Lampadionem
1421 4366 1447 4411 in
1466 4365 1553 4411 Plauti

329 4439 477 4488 Cistellaria
499 4443 553 4498 (oni
578 4446 682 4492 fabulae
706 4443 791 4492 simite
815 4448 893 4504 atque
917 4449 1022 4492 nostrae
1040 4446 1132 4493 subest
1150 4441 1346 4507 argumentum)
1364 4458 1394 4490 eo
1413 4445 1554 4490 adduxisse

328 4534 383 4567 rem
401 4523 431 4567 nt
448 4523 545 4580 agnitio
563 4525 619 4570 fieri
636 4528 738 4583 posset,
755 4526 905 4584 suspicatur
923 4526 985 4572 Leo.

362 4597 383 4661 θ)
408 4600 499 4648 laches
521 4603 590 4660 qnod
607 4604 715 4649 ultimus
733 4607 963 4661 commemoratur,
982 4605 1032 4651 sub
1049 4601 1153 4650 initium
1173 4604 1279 4650 fabulae
1296 4603 1394 4650 Lemno
1412 4603 1444 4649 ab
1462 4601 1555 4649 itinere

328 4681 439 4728 rediisse
457 4695 517 4728 eum
534 4681 594 4726 hino
612 4681 783 4740 intellegitur.

362 4763 400 4808 De
418 4763 515 4809 ceteris
532 4763 653 4807 oonstaut
669 4763 756 4807 omnia
775 4775 807 4809 ex
823 4763 888 4821 ipsis
907 4776 975 4821 qnae
993 4765 1136 4822 supersunt
1152 4765 1246 4824 poetae
1263 4763 1358 4809 verbis.

411 4858 554 4892 MENANDER.
1435 4850 1446 4891 1
