3750 5492
998 671 1031 712 Vl

399 848 540 908 necdum
569 847 651 906 haec
680 845 791 905 studia
821 843 1066 904 deferbuerunt.
1099 842 1186 917 Quas
1217 841 1467 903 observationes
1490 854 1626 912 perpen-

399 961 495 1021 dendi
528 960 621 1021 labor
655 958 761 1019 multo
795 960 897 1018 etiam
925 957 1052 1032 gratior
1081 957 1200 1017 fuisset
1229 957 1259 1016 si
1290 956 1338 1016 uti
1369 957 1438 1015 iarn
1471 952 1625 1013 licuisset

398 1075 544 1149 imagine
562 1075 755 1149 phototypa.
775 1073 866 1132 Haeo
885 1071 989 1131 donec
1006 1073 1138 1146 praesto
1157 1071 1270 1146 fuerit,
1291 1069 1386 1131 firmo
1408 1067 1624 1138 fundamento

399 1189 515 1248 multis
544 1188 626 1247 locis
655 1185 815 1246 carebunt
845 1184 1015 1245 Menandri
1045 1183 1201 1260 studiosi,
1230 1185 1282 1244 cui
1305 1190 1540 1260 superstruant
1564 1206 1625 1250 sua

400 1303 595 1375 conamina;
631 1317 689 1361 cur
731 1302 844 1360 autem
887 1299 989 1358 etiam
1025 1298 1204 1358 desiderari
1244 1299 1408 1361 eiusmodi
1445 1304 1624 1379 imaginem

399 1432 535 1477 necesse
558 1416 617 1491 sit,
643 1415 732 1474 dictu
757 1415 809 1473 est
831 1412 971 1472 difficile.
997 1411 1062 1472 Sub
1087 1413 1165 1472 anni
1190 1412 1289 1472 huius
1312 1402 1410 1475 linem
1431 1418 1624 1492 evulgatum

400 1531 441 1592 iri
477 1530 542 1590 fert
570 1544 700 1589 rumor:
732 1542 820 1586 nunc
843 1529 931 1587 certe
956 1526 1069 1587 haberi
1092 1526 1217 1600 nequit.
1241 1526 1285 1586 At
1308 1544 1503 1591 nuncnova
1526 1532 1626 1591 editio

397 1643 585 1730 petebatur,
620 1657 706 1701 nunc
744 1620 851 1715 parari
891 1639 1014 1701 debuit.
1049 1640 1124 1700 Feci
1157 1640 1260 1714 igitur
1297 1643 1382 1713 quod
1416 1645 1524 1720 potui,
1560 1661 1625 1706 non

399 1758 485 1831 quod
517 1757 623 1829 volui;
655 1758 688 1816 et
717 1755 823 1814 multo
852 1756 941 1814 certe
968 1754 1227 1814 emendatiorem
1258 1757 1403 1833 textum,
1437 1774 1536 1832 quam
1563 1759 1626 1819 fuit

399 1871 433 1930 in
464 1870 646 1945 proecdosi,
672 1870 750 1929 dare
772 1869 840 1928 iarn
860 1869 967 1944 potui,
992 1870 1091 1929 modo
1118 1869 1203 1930 meis
1226 1869 1341 1945 ipsius,
1365 1872 1463 1931 modo
1485 1872 1624 1933 aliorum

398 1985 545 2044 inventis
580 1998 670 2043 usus.
709 1981 785 2041 Alia
822 1983 961 2057 posthac
1000 1983 1166 2056 corrigent
1203 1982 1258 2041 alii
1288 1985 1346 2043 aut
1381 1985 1450 2058 ipse
1484 1986 1626 2046 conabor

400 2099 573 2172 corrigere.

445 2212 671 2286 Coniecturae,
697 2226 780 2285 quas
796 2212 895 2271 metri
915 2211 1062 2285 ipsiusve
1076 2210 1208 2284 linguae
1225 2210 1355 2286 legibus
1375 2213 1544 2272 adversari
1565 2217 1623 2274 aut

374 2326 483 2414 'alias
505 2325 545 2385 ob
569 2340 688 2385 causas
711 2325 846 2385 omnino
867 2324 1049 2384 reiciendas
1072 2340 1147 2384 esse
1169 2325 1330 2400 viderem,
1355 2326 1466 2386 nullas
1489 2327 1624 2388 afferen-

400 2442 460 2500 das
480 2439 574 2514 duxi,
601 2440 634 2499 et
654 2438 806 2512 quicquid
823 2437 921 2496 huius
941 2438 1073 2510 generis
1092 2438 1125 2497 in
1145 2438 1315 2512 proecdosi
1336 2441 1626 2501 commemorando

400 2553 679 2629 improbaveram,
711 2553 778 2611 iarn
813 2550 935 2627 delevi,
967 2551 1030 2610 nisi
1063 2552 1141 2624 quid
1172 2552 1256 2625 sugit
1287 2567 1341 2613 me
1366 2552 1623 2627 imprudentem.

400 2669 439 2727 In
460 2666 747 2727 emendationibus
775 2669 887 2725 antem
908 2664 961 2725 vel
984 2664 1205 2740 probabilibus
1229 2667 1427 2726 coniecturis
1451 2667 1624 2727 laudandis

349 2797 354 2809 ·
401 2778 487 2840 han'c
518 2780 601 2839 milri
629 2780 744 2853 scripsi
771 2779 889 2854 legem,
914 2782 951 2839 ut
975 2780 1073 2839 unius
1097 2781 1230 2839 tantum
1254 2781 1316 2840 viri
1341 2795 1461 2840 nomen
1484 2780 1626 2854 singulis

400 2893 629 2968 appingerem,
662 2892 734 2952 eius
757 2892 814 2966 qui
838 2892 967 2966 primus
989 2893 1199 2965 protulisset;
1224 2907 1302 2951 narn
1325 2908 1423 2967 saepe
1447 2894 1567 2954 accidit
1589 2896 1627 2953 ut

400 3007 587 3082 complures
610 3007 643 3066 in
667 3007 807 3067 eandem
827 3007 1096 3067 emendationem
1116 3009 1235 3081 sponte
1254 3007 1444 3068 inciderent.
1465 3011 1503 3067 In
1523 3011 1628 3069 cuius·

400 3122 491 3182 modi
520 3121 645 3181 notulis
677 3121 924 3181 conscribendis
947 3121 1026 3194 quin
1049 3121 1225 3181 nonnullos
1249 3136 1377 3182 errores
1401 3125 1627 3184 commiserim

400 3236 512 3296 nullus
535 3236 662 3311 dubito,
688 3236 746 3297 sed
770 3236 886 3296 sedulo
907 3251 1042 3310 operam
1068 3238 1156 3296 certe
1176 3236 1251 3296 dedi
1271 3238 1308 3296 ut
1330 3251 1428 3296 suum
1448 3239 1564 3312 cuique
1580 3239 1628 3298 sic

399 3349 590 3410 tribuerem.
615 3351 730 3423 Itaque
761 3351 793 3409 in
820 3350 992 3424 proecdosi
1016 3351 1055 3409 de
1079 3351 1163 3409 meis
1186 3350 1291 3425 ipsius
1315 3352 1514 3412 coniecturis
1537 3354 1629 3413 tacui

401 3464 456 3524 ubi
484 3462 714 3524 aGroenertio
739 3463 792 3523 vel
814 3463 1072 3524 Wilamowitzio
1096 3463 1149 3524 vel
1172 3465 1395 3525 Herwerdeno
1420 3466 1534 3526 eadem
1560 3467 1628 3527 iam

400 3578 530 3654 prolata
561 3594 637 3638 esse
672 3579 839 3653 videbam,
872 3580 905 3637 et
935 3579 969 3637 in
1002 3578 1108 3638 altera
1140 3579 1200 3637 hac
1232 3578 1375 3638 editione
1403 3580 1630 3655 compluribus

399 3692 671 3768 correctionibus,
704 3707 785 3765 quas
812 3708 886 3752 meo
910 3692 1045 3752 nomine
1069 3693 1102 3751 in
1125 3692 1297 3766 proecdosi
1320 3694 1536 3770 protuleram,
1551 3696 1628 3755 stel-

400 3806 478 3866 lulis
508 3840 549 3848 —
582 3822 732 3867 meorum
763 3807 975 3867 conaminum
1005 3806 1112 3880 signis
1145 3840 1184 3849 -
1216 3807 1283 3867 iarn
1315 3808 1432 3868 deletis
1467 3809 1631 3883 adscripsi

401 3919 541 3979 Arnimii
564 3921 738 3996 Legrandii
758 3921 877 3981 Leonis
897 3921 1037 3981 aliorum
1062 3921 1198 3980 nomina
1223 3920 1499 3998 honoratissime,
1524 3937 1631 3995 neque

399 4035 525 4094 invitus
545 4035 733 4096 mehercule
753 4036 927 4110 adscripsi,
948 4035 1104 4108 quoniam
1128 4034 1225 4094 πάντα
1243 4032 1333 4094 κοινὰ
1347 4043 1406 4094 τῶν
1425 4036 1523 4110 φίλων
1540 4030 1631 4113 εἶναι,

401 4148 509 4223 φίλους
544 4145 576 4208 δὲ
599 4141 678 4208 εἶναι
710 4148 781 4220 τοὺς
815 4146 939 4226 ἀληθῶς
975 4152 1228 4228 φιλολογοῦντας,
1258 4165 1300 4210 cx
1330 4151 1433 4208 animi
1464 4151 1631 4211 sententia

401 4262 553 4322 arbitror.

447 4378 780 4453 ,interpretationem
802 4378 996 4438 antecedere
1019 4376 1117 4438 debet
1137 4377 1315 4437 emendata
1333 4377 1468 4452 lectio’',
1489 4411 1528 4420 -
1549 4378 1631 4437 mul·

399 4493 472 4551 tum
491 4495 604 4552 autem
616 4489 718 4552 =abest
736 4492 774 4551 ut
791 4493 848 4551 aut
866 4491 952 4551 satis
971 4490 1039 4550 iam
1059 4491 1257 4550 emendatus
1276 4491 1319 4550 sit
1340 4491 1509 4551 Menandri
1528 4492 1631 4552 codex

399 4609 458 4667 aut
491 4608 576 4668 satis
610 4607 774 4681 cognitus.
810 4607 851 4666 Et
885 4609 998 4667 tamen
1030 4606 1134 4666 adieci
1169 4607 1431 4666 commentarios
1465 4606 1629 4667 videlicet.

399 4722 503 4784 Erunt
525 4723 667 4786 fortasse
691 4723 747 4798 qui
770 4721 899 4784 oblatos
923 4722 1087 4798 abnuant,
1115 4718 1191 4798 ,oda
1215 4719 1355 4800 ἔστιγὰρ
1378 4715 1454 4780 ταῦτ’
1481 4718 1629 4799 sirpeam
