3750 5492
778 684 1019 729 GIRGUMTONSA.
1090 684 1094 689 ’

506 854 698 933 ἀπελήλυθεν
722 850 749 914 δ’
766 854 803 915 οά
827 854 903 915 κατὰ
926 854 1039 935 τρόπον
1063 871 1120 915 σου
1143 853 1298 934 χρωμένου

509 969 593 1053 αὐτῇ.

778 1108 1013 1167 ΠΟΛΕΜΩΝ.

615 1219 645 1279 τί
665 1220 744 1298 φήςς
767 1219 804 1280 οό
828 1219 904 1307 κατὰ
927 1219 1058 1297 τρόπον;
1082 1220 1165 1280 τουτί
1186 1242 1221 1297 με
1243 1228 1303 1279 τῶν

505 1332 628 1394 πάντων
651 1334 820 1413 λελόπηκας
845 1327 956 1410 μάλιστ’
983 1333 1084 1393 εἰπόν.

779 1501 1013 1559 ΠΑΤΑΙΚΟΣ.

1106 1609 1183 1695 icis·

504 1722 577 1787 τοῦτ’
605 1719 663 1786 οἶδ’
689 1724 828 1805 ἀκριβῶς·
852 1721 929 1786 ὥσθ’
956 1721 972 1785 δ
996 1722 1052 1803 μὲν
1074 1723 1145 1785 νυνλ
1167 1731 1250 1798 ποεῖς

503 1840 696 1920 ἀπόπληκνόν
720 1839 788 1900 ἔστι.
813 1845 871 1901 ποῖ
890 1837 974 1918 φέρει
998 1840 1069 1920 γάρ,
1091 1836 1111 1918 ἢ
1134 1842 1201 1898 τίνα

502 1953 599 2028 ἀξοιν;
622 1953 730 2033 ἓαντῆς
755 1949 809 2014 ἔστ’
835 1953 936 2033 ἐκείνη
961 1954 1061 2034 κυρία.

501 2067 609 2128 λοιπὸν
631 2067 664 2129 ιδ
687 2068 808 2129 πείθειν
830 2079 870 2153 τῷ
893 2078 992 2141 κακῶς
1016 2063 1193 2152 διακειμένῳ

503 2181 611 2260 ἐρῶντί
632 2176 653 2242 τ’
679 2180 740 2243 ἔστί
760 2230 767 2243 .

775 2334 1009 2393 ΠΟΛΕΜΩΝ

792 2444 807 2506 δ
831 2443 865 2506 δὲ
887 2443 1082 2526 διεφθαρκὼς
1106 2443 1179 2522 ἐμοῦ

501 2557 632 2632 ἀπόντος
655 2558 752 2638 αὐτὴν
776 2559 832 2621 οὐκ
855 2558 959 2620 ἀδικεῖ
977 2554 1023 2637 μ’;

312 2746 369 2790 229.
387 2741 551 2802 *ἀπελήλυθεν
568 2745 606 2804 δ’]
624 2747 753 2805 απεληλυθ’
773 2746 839 2801 cod„
856 2745 985 2804 cnetlzvc’
1003 2740 1044 2791 οὖν
1061 2744 1122 2792 Leo.

311 2826 369 2870 231.
386 2821 467 2887 *λρᾳς]
486 2840 547 2886 ιριισ
566 2824 632 2885 cod,
650 2828 706 2888 ἐρεῖς
724 2826 780 2872 Lei,
798 2827 869 2885 (pout
887 2827 947 2871 τοῦτ’
968 2824 1177 2884 interpungens).
1196 2823 1234 2870 Oi.
1252 2837 1290 2870 vs.
1307 2824 1363 2868 236.

311 2905 368 2950 233.
385 2904 449 2950 Post
473 2907 524 2949 ἐστι·
545 2906 572 2950 et
596 2905 656 2963 post
679 2907 724 2968 γάρ
750 2906 776 2951 in
798 2905 856 2952 cod.
879 2907 942 2962 esta,
965 2907 1050 2952 totum
1072 2916 1176 2950 versum
1203 2904 1314 2950 Pataeco
1339 2902 1502 2950 continuavit

277 2981 386 3030 Croinet

311 3088 342 3097 -
360 3070 403 3108 ποτ
417 3058 505 3126 vivii]
521 3076 568 3109 που
585 3063 642 3108 cod.

282 3157 435 3167 ——a
638 3158 1408 3167 ———.—-—————-
1412 3159 1497 3166 ——-

318 3230 490 3286 229-231.
521 3230 617 3286 Aliter
643 3232 734 3298 atque
761 3230 862 3286 Patae·
954 3230 1012 3286 235
1041 3244 1085 3296 sq.
1113 3236 1154 3298 τῷ
1184 3234 1275 3292 κακῶς
1303 3231 1465 3298 διακειμένῳ
1493 3232 1496 3291 Ι

276 3338 330 3378 cus
352 3322 470 3379 volebat
492 3323 615 3378 Polemo
638 3323 763 3378 verbum
780 3328 862 3390 χρήο-
913 3323 1012 3389 ἐρῶντί
1039 3323 1081 3389 τε]
1103 3323 1122 3375 i.
1134 3336 1159 3376 e.
1181 3327 1221 3390 up
1244 3322 1273 3374 ἐν
1295 3324 1378 3388 ἔρωτι
1400 3325 1498 3375 δυστυ-

276 3421 321 3470 θαι
348 3415 495 3484 aecipiens
523 3416 644 3484 egregie
671 3415 863 3483 indignatum
912 3421 1022 3481 χοῠντι,
1037 3415 1087 3470 est
1101 3413 1182 3469 enim
1197 3413 1361 3481 particulae
1376 3429 1499 3470 renunc

274 3523 346 3564 nam
374 3508 533 3577 Glyceram
562 3510 654 3577 probe
676 3510 863 3575 strenueque
912 3521 948 3562 ea
975 3507 1021 3562 vis
1049 3521 1126 3574 quae
1147 3506 1310 3574 particulae
1332 3509 1377 3561 καί
1398 3509 1446 3563 est
1467 3507 1498 3562 in

275 3603 397 3657 amavit.
419 3601 609 3670 Quapropter
631 3602 791 3657 subridens
812 3601 862 3656 Pa·
911 3600 1115 3656 locutionibus
1130 3602 1225 3663 πολιὸς
1242 3604 1286 3653 καὶ
1297 3601 1395 3666 γέρων,
1407 3602 1498 3668 γέρων

275 3696 380 3750 taecus
425 3694 579 3749 intellecto
621 3708 736 3749 errore:
779 3709 863 3749 umas
912 3697 956 3746 καὶ
979 3695 1098 3759 σαπρὸς,
1120 3692 1280 3747 similibus,

275 3791 359 3844 euml
376 3787 412 3842 Iri
432 3788 497 3842 uoci
517 3781 608 3842 suae!
628 3789 802 3855 respondet.
823 3818 863 3826 -
953 3787 1020 3841 236.
1050 3788 1235 3854 διεφθαρκὼς]
1263 3785 1413 3840 recentior
1434 3800 1494 3854 per·

274 3881 319 3936 Ex
352 3882 458 3937 eodem
487 3879 622 3934 iocorum
651 3895 762 3948 genere
789 3879 863 3936 haec
911 3880 982 3934 fecti
1005 3879 1117 3949 forma,
1139 3881 1173 3934 ui
1194 3874 1365 3946 πέπληχαῖ).
1395 3878 1498 3933 Potuit

274 3975 349 4029 sunt
369 3976 462 4042 atque
483 3987 559 4041 quae
582 3988 675 4041 supra
695 3974 732 4028 ad
750 3973 861 4028 Habro-
911 3987 986 4028 sane
1014 3972 1077 4028 h.l.
1107 3972 1197 4027 scribi
1224 3972 1393 4038 διεφθορώς,
1422 3984 1497 4037 quae

275 4066 369 4121 tonon
391 4065 468 4120 dixit
488 4065 623 4121 Polemo.
911 4067 993 4120 certa
1014 4067 1062 4120 est
1081 4064 1179 4119 forma
1193 4064 1224 4118 in
1238 4063 1394 4118 Menandri
1407 4077 1497 4118 versu

316 4189 355 4200 -
376 4161 448 4213 κατὰ
474 4160 591 4226 τρόπον]
616 4158 720 4228 probe,
747 4161 819 4212 recte
830 4154 861 4223 1).
911 4157 987 4213 hoc:
1009 4159 1032 4211 εἰ
1053 4160 1081 4211 δ’
1101 4160 1175 4212 ἔστιν
1198 4159 1280 4220 οὗτος
1299 4160 1352 4223 τὴν
1373 4159 1496 4223 κόρηνὸ

317 4251 384 4309 232,
412 4252 499 4318 ποεῖς]
521 4250 644 4317 moliris
668 4253 701 4305 ut
724 4265 862 4306 arcessas
912 4247 1116 4318 διαφθορώς3).

274 4343 388 4399 milites
408 4343 446 4399 ad
460 4343 632 4412 myrrhinae
647 4345 736 4400 aedes
750 4358 862 4412 expug-
952 4373 991 4380 —
1019 4345 1086 4409 ἐμοῦ
1116 4343 1246 4408 ἀπόντος]
1275 4342 1344 4395 doru
1365 4340 1396 4393 iu
1418 4355 1495 4410 ιυρι-

273 4437 399 4491 nandas.
911 4436 1017 4490 ditione
1034 4451 1151 4506 ρακορνι
1171 4435 1319 4490 versabar.

272 4750 294 4819 ³)
306 4683 496 4802 Ἑζειρῐδδφυ.
514 4688 546 4734 ir.
565 4688 613 4734 247
631 4687 770 4746 Antiphon.
786 4683 829 4734 392
847 4687 918 4734 Alex.
935 4688 984 4733 280
1000 4679 1155 4745 Dionysuss.
1171 4709 1202 4717 —
1218 4680 1237 4742 2]
1253 4685 1291 4731 cf.
1306 4685 1375 4731 Dico.
1391 4684 1449 4732 422.
1463 4707 1496 4717 -
