3750 5492
887 674 1126 722 cisscUMrousA.

903 908 988 956 saltat
1005 907 1108 954 ohorus.

761 1109 934 1180 Aenus
956 1107 1247 1179 SECUNDUS.

699 1250 749 1311 (lix
766 1251 831 1298 urbe
849 1249 959 1299 veniunt
976 1251 1125 1298 Moschis
1144 1253 1171 1297 et
1186 1247 1314 1307 Davus.)

851 1380 994 1437 soum
1015 1379 1167 1436 PRIMA.

816 1525 1020 1604 Moschio,
1044 1525 1195 1587 Davus.

900 1679 1117 1738 ΜΟΣΧΙΩΝ.

570 1795 647 1869 Δᾶε,
669 1790 812 1865 πολλάκις
834 1787 889 1869 μὲν
912 1789 974 1870 ἤδη
997 1790 1073 1873 πρός
1097 1787 1127 1869 μ’
1154 1789 1343 1872 ἀπήγγελκας
1366 1799 1472 1866 σαφῶς

570 1903 626 1966 οὐκ
649 1902 778 1984 ἀληθές,
800 1900 863 1965 ἀλλ’
891 1903 1011 1979 ἀλαζὼν
1034 1903 1085 1965 καὶ
1106 1910 1228 1967 θεοῖσιν
1251 1904 1360 1986 ἐχθρὸς
1384 1897 1417 1965 εἶ·

570 2017 611 2097 μὴ
636 2015 669 2080 δὲ
691 2018 742 2079 acl
769 2017 840 2080 ιυνλ
862 2023 979 2103 πλανᾷς
1004 2041 1055 2098 pu

427 2181 468 2228 ll.
485 2183 542 2235 Aue,
558 2183 670 2235 πολλάκις
685 2178 760 2242 Lot]
773 2181 803 2227 δα
813 2215 892 2227 ......
901 2196 942 2228 κισ
958 2179 1015 2227 dod.

425 2285 458 2296 -
472 2263 531 2324 πρός
548 2260 710 2320 po]=lien.
728 2261 759 2308 fr.
778 2260 844 2309 978?
862 2260 901 2307 cf.
920 2272 958 2307 vs.
978 2260 1035 2307 1³7.

424 2365 458 2374 -
474 2337 585 2402 *snaed
603 2338 754 2387 dubitanter
771 2337 902 2400 supplevi,
920 2358 984 2387 ..oe..
1002 2339 1067 2393 eod..
1083 2340 1143 2387 noli
1159 2339 1220 2387 Leo.

428 2419 469 2466 io.
486 2419 597 2466 :Men
612 2420 643 2466 fr.
663 2420 720 2467 ato.

427 2523 456 2532 —
476 2495 528 2560 nal]
545 2497 600 2547 aad
616 2498 683 2558 eod,
699 2511 791 2546 verum
808 2498 917 2558 praebet
933 2497 1014 2545 eohoi.
1032 2498 1074 2546 Ar.
1092 2499 1155 2546 Ran.
1174 2498 1360 2558 reomense.
1379 2498 1449 2555 ais).

427 2578 466 2624 te.
484 2577 516 2635 μι)
531 2577 622 2638 Kdrte]
637 2596 661 2638 ,η
676 2577 742 2635 cod,
756 2583 789 2639 πῇ
802 2578 868 2634 Lei,
881 2584 909 2640 τῇ
923 2577 1060 2634 Headlam,
1074 2577 1103 2624 ἂι
1117 2578 1238 2626 Sudhaus
1253 2579 1321 2638 (eine
1335 2575 1516 2636 interrogandi
1526 2571 1621 2631 signo).

394 2731 463 2773 oum
501 2718 630 2788 Glycera
669 2753 705 2762 -
745 2719 776 2774 in
807 2719 921 2775 amicae
952 2721 984 2774 ni
1031 2721 1136 2787 gentia
1155 2755 1191 2764 -
1210 2719 1620 2789 secundamdipodiamcum

393 2809 478 2866 fallor
498 2812 623 2867 aedibus
646 2842 682 2850 -
704 2814 900 2882 compotasse
918 2826 983 2868 oen·
1032 2796 1124 2871 tertia
1150 2816 1194 2871 ita
1220 2814 1382 2871 coniunxit
1408 2814 1443 2868 ut
1471 2810 1621 2867 nullain·

394 2904 490 2959 senda
518 2905 582 2974 est,
610 2903 682 2959 vino
710 2919 800 2961 curas
827 2919 983 2976 mergere,
1031 2907 1197 2963 tercederet
1219 2922 1325 2976 pausa.

393 2997 428 3051 ut
459 2996 598 3066 Polemo,
630 2995 763 3053 sortasse
794 3001 911 3055 conata.
944 2998 984 3054 Hi
1073 3000 1120 3056 77.
1138 3000 1271 3058 Moschio
1291 2999 1419 3063 πολλάκις
1436 2997 1538 3054 dicens
1556 3013 1619 3055 non

393 3087 521 3144 iuvenes
542 3088 603 3143 iam
624 3088 750 3145 chorum
771 3091 935 3147 efficientes
953 3090 983 3146 in
1032 3091 1123 3149 hasce
1147 3094 1255 3150 turbas
1280 3091 1393 3160 cogitat
1413 3092 1466 3146 sed
1486 3093 1620 3149 ceteram

394 3183 583 3240 orchestram
596 3181 751 3254 incedunt,
763 3185 832 3240 dein
842 3185 986 3240 saltando
1032 3185 1138 3242 vitam.
1157 3187 1225 3243 Non
1236 3185 1318 3244 enim
1329 3183 1461 3240 multum
1471 3187 1620 3256 temporis

394 3276 588 3333 interludunt
608 3277 705 3332 actus.
1032 3278 1112 3335 inter
1139 3279 1221 3335 hunc
1247 3280 1350 3334 actum
1371 3281 1403 3335 et
1423 3277 1556 3348 primum
1576 3278 1620 3334 in-

434 3370 471 3425 77
500 3384 565 3438 sqq.
594 3369 757 3426 Troohaeis
778 3370 982 3442 tetrametris,
1032 3372 1191 3430 tarcessit:
1207 3386 1288 3427 nunc
1302 3372 1475 3442 Myrrhinae
1490 3373 1620 3440 εὐτρεπές

394 3465 491 3519 metro
526 3461 740 3534 concitatiore,
774 3463 983 3532 conscriptum
1033 3468 1091 3520 ἐστι
1111 3469 1144 3520 τὸ
1167 3468 1281 3534 ἄριστον
1291 3461 1328 3535 2),
1350 3466 1381 3520 in
1399 3465 1498 3535 primo
1514 3466 1619 3522 autem

393 3557 536 3623 estquod
554 3555 692 3622 sequitur
703 3555 896 3626 colloquium,
907 3555 982 3611 item
1031 3556 1102 3613 actu
1118 3556 1185 3610 suis
1203 3555 1358 3612 sodalibus
1378 3558 1491 3624 ἄριστον
1509 3557 1620 3610 ἐποεῖτο

393 3649 423 3702 in
454 3648 556 3703 Samia
583 3647 683 3702 sabula
711 3647 870 3704 altercatio
894 3648 982 3704 vehe·
1031 3649 1154 3705 Polemo
1164 3645 1196 3715 3).
1217 3648 1281 3705 (lito
1301 3648 1396 3718 igitur
1412 3647 1619 3704 Moschionem

394 3739 588 3795 montissima
629 3753 738 3794 senum
779 3739 911 3796 Nicerati
951 3742 983 3796 et
1030 3741 1149 3797 invenit
1196 3756 1286 3810 quem
1332 3741 1505 3810 quaesitum
1545 3740 1619 3797 abiit

394 3831 523 3887 Demeae
533 3826 565 3897 1).
605 3830 706 3887 Etiam
742 3831 823 3888 inter
853 3832 981 3888 aliarum
1030 3830 1143 3887 Davus.

392 3923 563 3980 fabularum
610 3924 863 3981 Menandrearum
906 3924 982 3994 frag·
1072 3924 1119 3980 78.
1148 3929 1251 3978 θεοῖσιν
1279 3924 1386 3991 ἐχθρὸς]
1414 3921 1533 3991 priscus
1560 3923 1619 3978 ter-

394 4017 498 4072 menta
548 4016 697 4071 nonnulla
747 4016 795 4073 hie
846 4018 982 4074 numeris
1032 4017 1134 4072 minus
1171 4031 1242 4085 -σιν,
1273 4031 1333 4098 quo
1364 4016 1526 4071 Menander
1556 4028 1619 4070 non
1700 4011 1708 4025 '

394 4110 467 4164 sunt
506 4109 658 4165 adstricta.
698 4109 778 4177 Quos
813 4110 982 4166 severiores
1033 4108 1143 4178 utitur,
1164 4108 1195 4162 in
1216 4108 1272 4163 hac
1289 4110 1394 4164 tamen
1411 4121 1522 4163 vocum
1538 4106 1619 4162 iuno·

394 4201 443 4256 hic
483 4202 572 4268 poeta
611 4201 700 4258 finxit
737 4217 830 4271 quam
867 4203 982 4259 Aristo·
1031 4203 1100 4257 tura
1122 4201 1289 4271 permansit
1300 4197 1322 4266 4)
1330 4217 1338 4270 3
1360 4200 1452 4256 unius
1474 4200 1557 4255 enim
1572 4200 1619 4255 ad·

394 4294 525 4362 phanes;
554 4308 707 4361 nusquam
735 4295 817 4350 enim
846 4309 982 4362 -quae
1031 4294 1131 4350 iectivi
1159 4294 1257 4349 instar
1284 4294 1333 4348 est
1357 4295 1483 4361 θεοῑσ(ιν)
1505 4294 1618 4360 ἐχθρός,

394 4388 473 4456 apud
519 4386 757 4455 Aristophanem
804 4387 982 4455 frequentis·
1031 4387 1110 4442 unde
1160 4385 1391 4441 substantivum
1445 4384 1619 4452 θεοισεχθρία

394 4479 473 4534 sima
493 4480 542 4534 est
559 4478 629 4538 sive
649 4479 774 4536 libertas
796 4480 862 4535 sive
885 4479 983 4547 negle·
1032 4480 1156 4533 ductum
1178 4473 1269 4543 est5).

429 4678 448 4740 ¹)
465 4680 503 4729 Gi.
525 4683 596 4728 Sam.
618 4683 667 4730 202
686 4694 744 4741 sqq.
767 4708 796 4715 -
821 4677 842 4742 ²)
860 4681 902 4728 Vs.
926 4681 984 4738 ll‘l,
1007 4682 1064 4728 282.
1087 4705 1120 4714 -
1143 4676 1164 4742 8)
1182 4679 1225 4726 Vs.
1250 4680 1289 4727 55.
1308 4704 1338 4713 —
1359 4674 1381 4737 ⁴)
1398 4678 1464 4726 Item
1489 4680 1620 4740 Anaxipp.

396 4748 427 4794 ir.
446 4745 479 4794 6⁴.
499 4750 604 4796 Brevior
622 4749 706 4796 forma
724 4752 764 4796 est
781 4749 850 4795 inira
866 4761 905 4795 vs.
925 4750 981 4795 104.
999 4773 1032 4781 -
1048 4744 1070 4805 ι)
1089 4745 1127 4794 cf.
1145 4750 1187 4793 Ar.
1206 4747 1283 4806 vesp.
1301 4747 1358 4794 418,
