<?xml version="1.0" encoding="UTF-8"?>
<!DOCTYPE html PUBLIC "-//W3C//DTD XHTML 1.0 Transitional//EN"
    "http://www.w3.org/TR/xhtml1/DTD/xhtml1-transitional.dtd">
<html xmlns="http://www.w3.org/1999/xhtml" xml:lang="en" lang="en">
 <head>
  <title>
</title>
<meta http-equiv="Content-Type" content="text/html;charset=utf-8" />
  <meta name='ocr-system' content='tesseract 3.04.00' />
  <meta name='ocr-capabilities' content='ocr_page ocr_carea ocr_par ocr_line ocrx_word'/>
</head>
<body>
  <div class='ocr_page' id='page_1' title='image "./menandriquatuor00lefegoog_0027.png"; bbox 0 0 3750 5492; ppageno 0'>
   <div class='ocr_carea' id='block_1_1' title="bbox 819 619 1562 677">
    <p class='ocr_par' dir='ltr' id='par_1_1' title="bbox 819 619 1562 677">
     <span class='ocr_line' id='line_1_1' title="bbox 819 619 1562 677; baseline 0.011 -8"><span class='ocrx_word' id='word_1_1' title='bbox 819 626 1069 672; x_wconf 74' lang='lat' dir='ltr'>ursourrrurss.</span> <span class='ocrx_word' id='word_1_2' title='bbox 1522 619 1562 677; x_wconf 80' lang='lat'>15</span> 
     </span>
    </p>
   </div>
   <div class='ocr_carea' id='block_1_2' title="bbox 240 798 1562 879">
    <p class='ocr_par' dir='ltr' id='par_1_2' title="bbox 240 798 1562 879">
     <span class='ocr_line' id='line_1_2' title="bbox 240 798 1562 879; baseline 0.003 -19"><span class='ocrx_word' id='word_1_3' title='bbox 240 845 242 847; x_wconf 44' lang='lat'>&gt;</span> <span class='ocrx_word' id='word_1_4' title='bbox 341 798 491 861; x_wconf 79' lang='lat' dir='ltr'>charisio</span> <span class='ocrx_word' id='word_1_5' title='bbox 531 800 562 861; x_wconf 90' lang='lat' dir='ltr'>ei</span> <span class='ocrx_word' id='word_1_6' title='bbox 601 799 734 861; x_wconf 86' lang='lat' dir='ltr'>obtrudi</span> <span class='ocrx_word' id='word_1_7' title='bbox 771 800 1076 876; x_wconf 78' lang='lat' dir='ltr'>impudentissime;</span> <span class='ocrx_word' id='word_1_8' title='bbox 1116 800 1251 860; x_wconf 89' lang='lat' dir='ltr'>domum</span> <span class='ocrx_word' id='word_1_9' title='bbox 1286 815 1398 861; x_wconf 89' lang='lat' dir='ltr'>secum</span> <span class='ocrx_word' id='word_1_10' title='bbox 1434 803 1562 879; x_wconf 86' lang='lat' dir='ltr'>redeat,</span> 
     </span>
    </p>
   </div>
   <div class='ocr_carea' id='block_1_3' title="bbox 336 913 1566 1236">
    <p class='ocr_par' dir='ltr' id='par_1_3' title="bbox 336 913 1566 1236">
     <span class='ocr_line' id='line_1_3' title="bbox 338 913 1566 991; baseline 0.001 -16"><span class='ocrx_word' id='word_1_11' title='bbox 338 916 449 975; x_wconf 90' lang='lat' dir='ltr'>dotem</span> <span class='ocrx_word' id='word_1_12' title='bbox 475 916 666 990; x_wconf 69' lang='lat' dir='ltr'>reposcat*</span> <span class='ocrx_word' id='word_1_13' title='bbox 690 948 729 958; x_wconf 90' lang='lat'>-</span> <span class='ocrx_word' id='word_1_14' title='bbox 755 915 825 975; x_wconf 90' lang='lat' dir='ltr'>Non</span> <span class='ocrx_word' id='word_1_15' title='bbox 852 915 925 975; x_wconf 90' lang='lat' dir='ltr'>vult</span> <span class='ocrx_word' id='word_1_16' title='bbox 948 913 1137 989; x_wconf 91' lang='lat' dir='ltr'>Pamphila:</span> <span class='ocrx_word' id='word_1_17' title='bbox 1164 916 1217 991; x_wconf 88' lang='lat' dir='ltr'>,in</span> <span class='ocrx_word' id='word_1_18' title='bbox 1240 915 1338 976; x_wconf 88' lang='lat' dir='ltr'>rebus</span> <span class='ocrx_word' id='word_1_19' title='bbox 1358 917 1508 976; x_wconf 73' lang='lat' dir='ltr'>adversis</span> <span class='ocrx_word' id='word_1_20' title='bbox 1527 919 1566 976; x_wconf 89' lang='lat' dir='ltr'>ut</span> 
     </span>
     <span class='ocr_line' id='line_1_4' title="bbox 336 1028 1227 1105; baseline 0.002 -19"><span class='ocrx_word' id='word_1_21' title='bbox 336 1029 371 1086; x_wconf 92' lang='lat' dir='ltr'>in</span> <span class='ocrx_word' id='word_1_22' title='bbox 393 1029 548 1090; x_wconf 91' lang='lat' dir='ltr'>secundis</span> <span class='ocrx_word' id='word_1_23' title='bbox 571 1029 694 1089; x_wconf 90' lang='lat' dir='ltr'>marito</span> <span class='ocrx_word' id='word_1_24' title='bbox 718 1029 834 1089; x_wconf 88' lang='lat' dir='ltr'>adesse</span> <span class='ocrx_word' id='word_1_25' title='bbox 858 1045 894 1095; x_wconf 87' lang='lat' dir='ltr'>se</span> <span class='ocrx_word' id='word_1_26' title='bbox 917 1028 1019 1105; x_wconf 90' lang='lat' dir='ltr'>velle,</span> <span class='ocrx_word' id='word_1_27' title='bbox 1043 1030 1073 1089; x_wconf 90' lang='lat' dir='ltr'>si</span> <span class='ocrx_word' id='word_1_28' title='bbox 1096 1028 1227 1089; x_wconf 90' lang='lat' dir='ltr'>liceat.”</span> 
     </span>
     <span class='ocr_line' id='line_1_5' title="bbox 380 1141 1560 1236; baseline 0.003 -35"><span class='ocrx_word' id='word_1_29' title='bbox 380 1142 479 1236; x_wconf 82' lang='lat' dir='ltr'>Forte</span> <span class='ocrx_word' id='word_1_30' title='bbox 513 1143 649 1203; x_wconf 87' lang='lat' dir='ltr'>fortuna</span> <span class='ocrx_word' id='word_1_31' title='bbox 684 1141 852 1202; x_wconf 80' lang='lat' dir='ltr'>Charisius</span> <span class='ocrx_word' id='word_1_32' title='bbox 887 1142 949 1203; x_wconf 89' lang='lat' dir='ltr'>hoc</span> <span class='ocrx_word' id='word_1_33' title='bbox 980 1143 1087 1202; x_wconf 90' lang='lat' dir='ltr'>soceri</span> <span class='ocrx_word' id='word_1_34' title='bbox 1118 1157 1193 1202; x_wconf 92' lang='lat' dir='ltr'>cum</span> <span class='ocrx_word' id='word_1_35' title='bbox 1226 1159 1328 1204; x_wconf 83' lang='lat' dir='ltr'>uxore</span> <span class='ocrx_word' id='word_1_36' title='bbox 1360 1144 1560 1218; x_wconf 86' lang='lat' dir='ltr'>colloquium</span> 
     </span>
    </p>
   </div>
   <div class='ocr_carea' id='block_1_4' title="bbox 251 1255 1561 1332">
    <p class='ocr_par' dir='ltr' id='par_1_4' title="bbox 251 1255 1561 1332">
     <span class='ocr_line' id='line_1_6' title="bbox 251 1255 1561 1332; baseline 0.002 -15"><span class='ocrx_word' id='word_1_37' title='bbox 251 1314 253 1317; x_wconf 84' lang='lat'>.</span> <span class='ocrx_word' id='word_1_38' title='bbox 335 1255 441 1316; x_wconf 88' lang='lat' dir='ltr'>audit:</span> <span class='ocrx_word' id='word_1_39' title='bbox 465 1258 566 1332; x_wconf 92' lang='lat' dir='ltr'>pudet</span> <span class='ocrx_word' id='word_1_40' title='bbox 588 1256 835 1330; x_wconf 88' lang='lat' dir='ltr'>inclementiae;</span> <span class='ocrx_word' id='word_1_41' title='bbox 861 1257 1032 1330; x_wconf 83' lang='lat' dir='ltr'>ignoscere</span> <span class='ocrx_word' id='word_1_42' title='bbox 1052 1255 1124 1316; x_wconf 87' lang='lat' dir='ltr'>vult</span> <span class='ocrx_word' id='word_1_43' title='bbox 1144 1257 1240 1317; x_wconf 86' lang='lat' dir='ltr'>uxori</span> <span class='ocrx_word' id='word_1_44' title='bbox 1259 1257 1298 1317; x_wconf 90' lang='lat' dir='ltr'>de</span> <span class='ocrx_word' id='word_1_45' title='bbox 1317 1258 1422 1332; x_wconf 89' lang='lat' dir='ltr'>ipsius</span> <span class='ocrx_word' id='word_1_46' title='bbox 1443 1258 1561 1319; x_wconf 91' lang='lat' dir='ltr'>delicto</span> 
     </span>
    </p>
   </div>
   <div class='ocr_carea' id='block_1_5' title="bbox 335 1370 1563 1433">
    <p class='ocr_par' dir='ltr' id='par_1_5' title="bbox 335 1370 1563 1433">
     <span class='ocr_line' id='line_1_7' title="bbox 335 1370 1563 1433; baseline 0.002 -3"><span class='ocrx_word' id='word_1_47' title='bbox 335 1372 415 1432; x_wconf 90' lang='lat' dir='ltr'>adeo</span> <span class='ocrx_word' id='word_1_48' title='bbox 446 1372 564 1433; x_wconf 87' lang='lat' dir='ltr'>leniter</span> <span class='ocrx_word' id='word_1_49' title='bbox 596 1372 765 1433; x_wconf 90' lang='lat' dir='ltr'>iudicanti.</span> <span class='ocrx_word' id='word_1_50' title='bbox 802 1371 846 1431; x_wconf 83' lang='lat' dir='ltr'>At</span> <span class='ocrx_word' id='word_1_51' title='bbox 876 1386 955 1430; x_wconf 85' lang='lat' dir='ltr'>mox</span> <span class='ocrx_word' id='word_1_52' title='bbox 986 1370 1026 1430; x_wconf 88' lang='lat' dir='ltr'>ab</span> <span class='ocrx_word' id='word_1_53' title='bbox 1059 1370 1253 1430; x_wconf 88' lang='lat' dir='ltr'>Habrotono</span> <span class='ocrx_word' id='word_1_54' title='bbox 1285 1371 1424 1432; x_wconf 90' lang='lat' dir='ltr'>edoctus</span> <span class='ocrx_word' id='word_1_55' title='bbox 1455 1372 1563 1433; x_wconf 89' lang='lat' dir='ltr'>laetus</span> 
     </span>
    </p>
   </div>
   <div class='ocr_carea' id='block_1_6' title="bbox 216 1464 1558 1560">
    <p class='ocr_par' dir='ltr' id='par_1_6' title="bbox 216 1464 1558 1560">
     <span class='ocr_line' id='line_1_8' title="bbox 216 1464 1558 1560; baseline 0.003 -17"><span class='ocrx_word' id='word_1_56' title='bbox 216 1550 220 1557; x_wconf 52' lang='grc'>,</span> <span class='ocrx_word' id='word_1_57' title='bbox 333 1483 499 1560; x_wconf 81' lang='lat' dir='ltr'>intellegit</span> <span class='ocrx_word' id='word_1_58' title='bbox 526 1464 610 1545; x_wconf 87' lang='lat' dir='ltr'>nihil</span> <span class='ocrx_word' id='word_1_59' title='bbox 634 1500 708 1546; x_wconf 88' lang='lat' dir='ltr'>esse</span> <span class='ocrx_word' id='word_1_60' title='bbox 732 1485 816 1559; x_wconf 88' lang='lat' dir='ltr'>quod</span> <span class='ocrx_word' id='word_1_61' title='bbox 840 1485 1006 1560; x_wconf 85' lang='lat' dir='ltr'>ignoscat,</span> <span class='ocrx_word' id='word_1_62' title='bbox 1030 1482 1168 1559; x_wconf 87' lang='lat' dir='ltr'>puerulo</span> <span class='ocrx_word' id='word_1_63' title='bbox 1192 1486 1306 1545; x_wconf 92' lang='lat' dir='ltr'>autem</span> <span class='ocrx_word' id='word_1_64' title='bbox 1330 1485 1471 1546; x_wconf 85' lang='lat' dir='ltr'>feliciter</span> <span class='ocrx_word' id='word_1_65' title='bbox 1494 1502 1558 1547; x_wconf 90' lang='lat' dir='ltr'>ser·</span> 
     </span>
    </p>
   </div>
   <div class='ocr_carea' id='block_1_7' title="bbox 254 1598 1560 2246">
    <p class='ocr_par' dir='ltr' id='par_1_7' title="bbox 333 1598 1559 1673">
     <span class='ocr_line' id='line_1_9' title="bbox 333 1598 1559 1673; baseline 0.001 -13"><span class='ocrx_word' id='word_1_66' title='bbox 333 1602 410 1660; x_wconf 90' lang='lat' dir='ltr'>vato</span> <span class='ocrx_word' id='word_1_67' title='bbox 446 1616 545 1661; x_wconf 88' lang='lat' dir='ltr'>suurn</span> <span class='ocrx_word' id='word_1_68' title='bbox 577 1615 652 1660; x_wconf 90' lang='lat' dir='ltr'>esse</span> <span class='ocrx_word' id='word_1_69' title='bbox 681 1600 792 1659; x_wconf 92' lang='lat' dir='ltr'>locum</span> <span class='ocrx_word' id='word_1_70' title='bbox 823 1598 856 1657; x_wconf 92' lang='lat' dir='ltr'>in</span> <span class='ocrx_word' id='word_1_71' title='bbox 887 1598 994 1673; x_wconf 88' lang='lat' dir='ltr'>ipsius</span> <span class='ocrx_word' id='word_1_72' title='bbox 1026 1598 1179 1672; x_wconf 89' lang='lat' dir='ltr'>aedibus;</span> <span class='ocrx_word' id='word_1_73' title='bbox 1210 1602 1245 1659; x_wconf 89' lang='lat' dir='ltr'>et</span> <span class='ocrx_word' id='word_1_74' title='bbox 1275 1599 1456 1661; x_wconf 85' lang='lat' dir='ltr'>Smicrines</span> <span class='ocrx_word' id='word_1_75' title='bbox 1485 1616 1559 1661; x_wconf 88' lang='lat' dir='ltr'>cunr</span> 
     </span>
    </p>

    <p class='ocr_par' dir='ltr' id='par_1_8' title="bbox 333 1708 1560 1789">
     <span class='ocr_line' id='line_1_10' title="bbox 333 1708 1560 1789; baseline 0.001 -16"><span class='ocrx_word' id='word_1_76' title='bbox 333 1713 420 1774; x_wconf 89' lang='lat' dir='ltr'>redit</span> <span class='ocrx_word' id='word_1_77' title='bbox 444 1708 495 1773; x_wconf 71' lang='lat' dir='ltr'>ad&#39;</span> <span class='ocrx_word' id='word_1_78' title='bbox 510 1713 615 1773; x_wconf 89' lang='lat' dir='ltr'>filiam</span> <span class='ocrx_word' id='word_1_79' title='bbox 639 1713 774 1786; x_wconf 89' lang='lat' dir='ltr'>eiusque</span> <span class='ocrx_word' id='word_1_80' title='bbox 797 1712 910 1772; x_wconf 86' lang='lat' dir='ltr'>dotem</span> <span class='ocrx_word' id='word_1_81' title='bbox 938 1746 977 1754; x_wconf 97' lang='lat'>-</span> <span class='ocrx_word' id='word_1_82' title='bbox 1003 1712 1090 1772; x_wconf 91' lang='lat' dir='ltr'>hanc</span> <span class='ocrx_word' id='word_1_83' title='bbox 1112 1713 1322 1786; x_wconf 84' lang='lat' dir='ltr'>praesertiml</span> <span class='ocrx_word' id='word_1_84' title='bbox 1351 1745 1387 1754; x_wconf 97' lang='lat'><em>-</em></span> <span class='ocrx_word' id='word_1_85' title='bbox 1414 1717 1560 1789; x_wconf 88' lang='lat' dir='ltr'>repeten-</span> 
     </span>
    </p>

    <p class='ocr_par' dir='ltr' id='par_1_9' title="bbox 332 1825 1558 2017">
     <span class='ocr_line' id='line_1_11' title="bbox 333 1825 1558 1901; baseline 0.002 -15"><span class='ocrx_word' id='word_1_86' title='bbox 333 1826 409 1897; x_wconf 90' lang='lat' dir='ltr'>das,</span> <span class='ocrx_word' id='word_1_87' title='bbox 434 1827 527 1887; x_wconf 91' lang='lat' dir='ltr'>audit</span> <span class='ocrx_word' id='word_1_88' title='bbox 554 1827 679 1901; x_wconf 85' lang='lat' dir='ltr'>optime</span> <span class='ocrx_word' id='word_1_89' title='bbox 702 1826 824 1887; x_wconf 89' lang='lat' dir='ltr'>habere</span> <span class='ocrx_word' id='word_1_90' title='bbox 848 1825 976 1901; x_wconf 89' lang='lat' dir='ltr'>omnia,</span> <span class='ocrx_word' id='word_1_91' title='bbox 1001 1825 1136 1886; x_wconf 89' lang='lat' dir='ltr'>divortii</span> <span class='ocrx_word' id='word_1_92' title='bbox 1160 1840 1295 1886; x_wconf 89' lang='lat' dir='ltr'>causam</span> <span class='ocrx_word' id='word_1_93' title='bbox 1321 1841 1395 1888; x_wconf 87' lang='lat' dir='ltr'>esse</span> <span class='ocrx_word' id='word_1_94' title='bbox 1414 1827 1558 1889; x_wconf 88' lang='lat' dir='ltr'>nullam:</span> 
     </span>
     <span class='ocr_line' id='line_1_12' title="bbox 332 1940 824 2017; baseline 0 -15"><span class='ocrx_word' id='word_1_95' title='bbox 332 1943 487 2017; x_wconf 90' lang='lat' dir='ltr'>nepotem</span> <span class='ocrx_word' id='word_1_96' title='bbox 512 1940 660 2001; x_wconf 90' lang='lat' dir='ltr'>salutare</span> <span class='ocrx_word' id='word_1_97' title='bbox 682 1940 824 2002; x_wconf 90' lang='lat' dir='ltr'>iubetur.</span> 
     </span>
    </p>

    <p class='ocr_par' dir='ltr' id='par_1_10' title="bbox 254 2027 1559 2130">
     <span class='ocr_line' id='line_1_13' title="bbox 254 2027 1559 2130; baseline 0.002 -14"><span class='ocrx_word' id='word_1_98' title='bbox 254 2027 260 2034; x_wconf 6' lang='grc' dir='ltr'><strong>ἡ</strong></span> <span class='ocrx_word' id='word_1_99' title='bbox 375 2056 590 2117; x_wconf 92' lang='lat' dir='ltr'>Habrotonon</span> <span class='ocrx_word' id='word_1_100' title='bbox 614 2055 769 2116; x_wconf 86' lang='lat' dir='ltr'>libertate</span> <span class='ocrx_word' id='word_1_101' title='bbox 792 2056 872 2130; x_wconf 88' lang='lat' dir='ltr'>quin</span> <span class='ocrx_word' id='word_1_102' title='bbox 896 2057 1021 2117; x_wconf 89' lang='lat' dir='ltr'>donata</span> <span class='ocrx_word' id='word_1_103' title='bbox 1044 2057 1145 2117; x_wconf 89' lang='lat' dir='ltr'>fuerit</span> <span class='ocrx_word' id='word_1_104' title='bbox 1167 2057 1241 2130; x_wconf 88' lang='lat' dir='ltr'>quis</span> <span class='ocrx_word' id='word_1_105' title='bbox 1264 2058 1417 2119; x_wconf 81' lang='lat' dir='ltr'>dubitat?</span> <span class='ocrx_word' id='word_1_106' title='bbox 1450 2058 1559 2119; x_wconf 84' lang='lat' dir='ltr'>Etiam</span> 
     </span>
    </p>

    <p class='ocr_par' dir='ltr' id='par_1_11' title="bbox 333 2167 1218 2246">
     <span class='ocr_line' id='line_1_14' title="bbox 333 2167 1218 2246; baseline 0.002 -16"><span class='ocrx_word' id='word_1_107' title='bbox 333 2170 526 2232; x_wconf 83' lang='lat' dir='ltr'>Onesimum</span> <span class='ocrx_word' id='word_1_108' title='bbox 552 2186 653 2231; x_wconf 90' lang='lat' dir='ltr'>manu</span> <span class='ocrx_word' id='word_1_109' title='bbox 678 2167 821 2231; x_wconf 81' lang='lat' dir='ltr'>missurn</span> <span class='ocrx_word' id='word_1_110' title='bbox 845 2185 921 2231; x_wconf 88' lang='lat' dir='ltr'>esse</span> <span class='ocrx_word' id='word_1_111' title='bbox 946 2171 1108 2246; x_wconf 89' lang='lat' dir='ltr'>suspicari</span> <span class='ocrx_word' id='word_1_112' title='bbox 1132 2170 1218 2232; x_wconf 89' lang='lat' dir='ltr'>licet.</span> 
     </span>
    </p>
   </div>
   <div class='ocr_carea' id='block_1_8' title="bbox 270 2399 1573 3503">
    <p class='ocr_par' dir='ltr' id='par_1_12' title="bbox 330 2399 1559 3157">
     <span class='ocr_line' id='line_1_15' title="bbox 376 2399 1559 2479; baseline 0.006 -21"><span class='ocrx_word' id='word_1_113' title='bbox 376 2399 498 2459; x_wconf 80' lang='lat' dir='ltr'>Statim</span> <span class='ocrx_word' id='word_1_114' title='bbox 521 2401 652 2473; x_wconf 90' lang='lat' dir='ltr'>reperta</span> <span class='ocrx_word' id='word_1_115' title='bbox 674 2399 805 2460; x_wconf 87' lang='lat' dir='ltr'>fabulae</span> <span class='ocrx_word' id='word_1_116' title='bbox 827 2399 926 2460; x_wconf 91' lang='lat' dir='ltr'>huius</span> <span class='ocrx_word' id='word_1_117' title='bbox 950 2401 1137 2475; x_wconf 83' lang='lat' dir='ltr'>fragmenta</span> <span class='ocrx_word' id='word_1_118' title='bbox 1161 2416 1236 2461; x_wconf 91' lang='lat' dir='ltr'>cum</span> <span class='ocrx_word' id='word_1_119' title='bbox 1261 2401 1408 2462; x_wconf 78' lang='lat' dir='ltr'>Terentii</span> <span class='ocrx_word' id='word_1_120' title='bbox 1429 2403 1559 2479; x_wconf 85' lang='lat' dir='ltr'>Hecyra</span> 
     </span>
     <span class='ocr_line' id='line_1_16' title="bbox 331 2513 1557 2592; baseline 0.005 -20"><span class='ocrx_word' id='word_1_121' title='bbox 331 2516 410 2573; x_wconf 89' lang='lat' dir='ltr'>sunt</span> <span class='ocrx_word' id='word_1_122' title='bbox 441 2516 647 2588; x_wconf 90' lang='lat' dir='ltr'>comparata,</span> <span class='ocrx_word' id='word_1_123' title='bbox 680 2513 890 2572; x_wconf 89' lang='lat' dir='ltr'>simillimum</span> <span class='ocrx_word' id='word_1_124' title='bbox 923 2514 1013 2573; x_wconf 88' lang='lat' dir='ltr'>enirn</span> <span class='ocrx_word' id='word_1_125' title='bbox 1036 2516 1087 2573; x_wconf 89' lang='lat' dir='ltr'>est</span> <span class='ocrx_word' id='word_1_126' title='bbox 1112 2514 1285 2586; x_wconf 86' lang='lat' dir='ltr'>utriusqus</span> <span class='ocrx_word' id='word_1_127' title='bbox 1307 2513 1439 2576; x_wconf 83' lang='lat' dir='ltr'>fabulae</span> <span class='ocrx_word' id='word_1_128' title='bbox 1464 2532 1557 2592; x_wconf 81' lang='lat' dir='ltr'>argu</span> 
     </span>
     <span class='ocr_line' id='line_1_17' title="bbox 332 2626 1558 2704; baseline 0.006 -20"><span class='ocrx_word' id='word_1_129' title='bbox 332 2628 496 2685; x_wconf 84' lang='lat' dir='ltr'>mentum.</span> <span class='ocrx_word' id='word_1_130' title='bbox 529 2627 573 2685; x_wconf 86' lang='lat' dir='ltr'>At</span> <span class='ocrx_word' id='word_1_131' title='bbox 603 2627 740 2685; x_wconf 88' lang='lat' dir='ltr'>eaedem</span> <span class='ocrx_word' id='word_1_132' title='bbox 764 2628 936 2700; x_wconf 87' lang='lat' dir='ltr'>tantopere</span> <span class='ocrx_word' id='word_1_133' title='bbox 960 2627 1045 2686; x_wconf 90' lang='lat' dir='ltr'>inter</span> <span class='ocrx_word' id='word_1_134' title='bbox 1068 2641 1104 2687; x_wconf 90' lang='lat' dir='ltr'>se</span> <span class='ocrx_word' id='word_1_135' title='bbox 1129 2626 1331 2704; x_wconf 87' lang='lat' dir='ltr'>discrepant,</span> <span class='ocrx_word' id='word_1_136' title='bbox 1357 2632 1395 2689; x_wconf 92' lang='lat' dir='ltr'>ut</span> <span class='ocrx_word' id='word_1_137' title='bbox 1416 2630 1449 2689; x_wconf 91' lang='lat' dir='ltr'>id</span> <span class='ocrx_word' id='word_1_138' title='bbox 1473 2632 1558 2704; x_wconf 89' lang='lat' dir='ltr'>quod</span> 
     </span>
     <span class='ocr_line' id='line_1_18' title="bbox 330 2740 1557 2823; baseline 0.004 -24"><span class='ocrx_word' id='word_1_139' title='bbox 330 2741 363 2800; x_wconf 92' lang='lat' dir='ltr'>in</span> <span class='ocrx_word' id='word_1_140' title='bbox 384 2741 535 2814; x_wconf 83' lang='lat' dir='ltr'>Hecyrae</span> <span class='ocrx_word' id='word_1_141' title='bbox 555 2740 736 2800; x_wconf 89' lang='lat' dir='ltr'>didascalia</span> <span class='ocrx_word' id='word_1_142' title='bbox 754 2741 891 2816; x_wconf 85' lang='lat' dir='ltr'>legitur:</span> <span class='ocrx_word' id='word_1_143' title='bbox 919 2743 1011 2823; x_wconf 86' lang='lat' dir='ltr'>„tota</span> <span class='ocrx_word' id='word_1_144' title='bbox 1030 2741 1157 2802; x_wconf 80' lang='lat' dir='ltr'>Graeca</span> <span class='ocrx_word' id='word_1_145' title='bbox 1176 2742 1355 2802; x_wconf 88' lang='lat' dir='ltr'>Menandru</span> <span class='ocrx_word' id='word_1_146' title='bbox 1374 2743 1464 2803; x_wconf 88' lang='lat' dir='ltr'>iacta</span> <span class='ocrx_word' id='word_1_147' title='bbox 1483 2745 1557 2804; x_wconf 89' lang='lat' dir='ltr'>sst”</span> 
     </span>
     <span class='ocr_line' id='line_1_19' title="bbox 331 2854 1557 2932; baseline 0.002 -17"><span class='ocrx_word' id='word_1_148' title='bbox 331 2855 433 2916; x_wconf 89' lang='lat' dir='ltr'>errori</span> <span class='ocrx_word' id='word_1_149' title='bbox 456 2854 567 2914; x_wconf 90' lang='lat' dir='ltr'>deberi</span> <span class='ocrx_word' id='word_1_150' title='bbox 590 2855 782 2914; x_wconf 88' lang='lat' dir='ltr'>statuamus</span> <span class='ocrx_word' id='word_1_151' title='bbox 805 2869 943 2915; x_wconf 89' lang='lat' dir='ltr'>necesse</span> <span class='ocrx_word' id='word_1_152' title='bbox 967 2855 1023 2915; x_wconf 90' lang='lat' dir='ltr'>sit.</span> <span class='ocrx_word' id='word_1_153' title='bbox 1047 2856 1098 2915; x_wconf 85' lang='lat' dir='ltr'>An</span> <span class='ocrx_word' id='word_1_154' title='bbox 1118 2855 1309 2917; x_wconf 89' lang='lat' dir='ltr'>Terentium</span> <span class='ocrx_word' id='word_1_155' title='bbox 1328 2855 1557 2932; x_wconf 88' lang='lat' dir='ltr'>Disceptantes</span> 
     </span>
     <span class='ocr_line' id='line_1_20' title="bbox 330 2966 1555 3031; baseline 0.002 -3"><span class='ocrx_word' id='word_1_156' title='bbox 330 2968 498 3029; x_wconf 87' lang='lat' dir='ltr'>Menandri</span> <span class='ocrx_word' id='word_1_157' title='bbox 528 2966 674 3028; x_wconf 86' lang='lat' dir='ltr'>fabulam</span> <span class='ocrx_word' id='word_1_158' title='bbox 706 2968 754 3028; x_wconf 89' lang='lat' dir='ltr'>ita</span> <span class='ocrx_word' id='word_1_159' title='bbox 781 2970 1030 3029; x_wconf 88' lang='lat' dir='ltr'>contaminasse</span> <span class='ocrx_word' id='word_1_160' title='bbox 1054 2970 1204 3029; x_wconf 89' lang='lat' dir='ltr'>dicamus</span> <span class='ocrx_word' id='word_1_161' title='bbox 1227 2972 1265 3029; x_wconf 88' lang='lat' dir='ltr'>ut</span> <span class='ocrx_word' id='word_1_162' title='bbox 1288 2985 1331 3030; x_wconf 86' lang='lat' dir='ltr'>ex</span> <span class='ocrx_word' id='word_1_163' title='bbox 1354 2970 1420 3030; x_wconf 90' lang='lat' dir='ltr'>alia</span> <span class='ocrx_word' id='word_1_164' title='bbox 1443 2970 1555 3031; x_wconf 87' lang='lat' dir='ltr'>fabula</span> 
     </span>
     <span class='ocr_line' id='line_1_21' title="bbox 330 3080 1554 3157; baseline 0.003 -15"><span class='ocrx_word' id='word_1_165' title='bbox 330 3082 528 3142; x_wconf 89' lang='lat' dir='ltr'>Menandrca</span> <span class='ocrx_word' id='word_1_166' title='bbox 561 3080 706 3157; x_wconf 88' lang='lat' dir='ltr'>plurima</span> <span class='ocrx_word' id='word_1_167' title='bbox 740 3084 773 3142; x_wconf 92' lang='lat' dir='ltr'>in</span> <span class='ocrx_word' id='word_1_168' title='bbox 806 3098 881 3143; x_wconf 89' lang='lat' dir='ltr'>eam</span> <span class='ocrx_word' id='word_1_169' title='bbox 913 3084 1073 3144; x_wconf 84' lang='lat' dir='ltr'>inferret?</span> <span class='ocrx_word' id='word_1_170' title='bbox 1108 3083 1153 3143; x_wconf 86' lang='lat' dir='ltr'>At</span> <span class='ocrx_word' id='word_1_171' title='bbox 1184 3099 1226 3143; x_wconf 92' lang='lat' dir='ltr'>ne</span> <span class='ocrx_word' id='word_1_172' title='bbox 1257 3084 1305 3143; x_wconf 91' lang='lat' dir='ltr'>sic</span> <span class='ocrx_word' id='word_1_173' title='bbox 1335 3085 1469 3157; x_wconf 88' lang='lat' dir='ltr'>quidem</span> <span class='ocrx_word' id='word_1_174' title='bbox 1501 3100 1554 3146; x_wconf 89' lang='lat' dir='ltr'>res</span> 
     </span>
    </p>

    <p class='ocr_par' dir='ltr' id='par_1_13' title="bbox 270 3195 1573 3503">
     <span class='ocr_line' id='line_1_22' title="bbox 299 3195 1556 3273; baseline 0.003 -18"><span class='ocrx_word' id='word_1_175' title='bbox 299 3224 301 3227; x_wconf 93' lang='lat'>·</span> <span class='ocrx_word' id='word_1_176' title='bbox 329 3196 494 3257; x_wconf 90' lang='lat' dir='ltr'>credibilis</span> <span class='ocrx_word' id='word_1_177' title='bbox 517 3195 590 3269; x_wconf 89' lang='lat' dir='ltr'>fiat;</span> <span class='ocrx_word' id='word_1_178' title='bbox 616 3211 682 3256; x_wconf 90' lang='lat' dir='ltr'>nou</span> <span class='ocrx_word' id='word_1_179' title='bbox 703 3198 792 3256; x_wconf 90' lang='lat' dir='ltr'>enim</span> <span class='ocrx_word' id='word_1_180' title='bbox 812 3197 1057 3257; x_wconf 84' lang='lat' dir='ltr'>contaminavit</span> <span class='ocrx_word' id='word_1_181' title='bbox 1077 3196 1312 3271; x_wconf 86' lang='lat' dir='ltr'>Disceptantes</span> <span class='ocrx_word' id='word_1_182' title='bbox 1331 3198 1481 3259; x_wconf 87' lang='lat' dir='ltr'>fabulam</span> <span class='ocrx_word' id='word_1_183' title='bbox 1501 3201 1556 3273; x_wconf 88' lang='lat' dir='ltr'>qui</span> 
     </span>
     <span class='ocr_line' id='line_1_23' title="bbox 270 3309 1555 3392; baseline 0.005 -25"><span class='ocrx_word' id='word_1_184' title='bbox 270 3387 272 3392; x_wconf 16' lang='lat'><strong>³</strong></span> <span class='ocrx_word' id='word_1_185' title='bbox 329 3324 371 3368; x_wconf 84' lang='lat' dir='ltr'>ex</span> <span class='ocrx_word' id='word_1_186' title='bbox 403 3325 443 3368; x_wconf 89' lang='lat' dir='ltr'>ea</span> <span class='ocrx_word' id='word_1_187' title='bbox 474 3309 554 3369; x_wconf 87' lang='lat' dir='ltr'>iecit</span> <span class='ocrx_word' id='word_1_188' title='bbox 584 3310 769 3387; x_wconf 88' lang='lat' dir='ltr'>Hecyram,</span> <span class='ocrx_word' id='word_1_189' title='bbox 802 3312 860 3371; x_wconf 90' lang='lat' dir='ltr'>sed</span> <span class='ocrx_word' id='word_1_190' title='bbox 890 3312 1041 3372; x_wconf 86' lang='lat' dir='ltr'>funditus</span> <span class='ocrx_word' id='word_1_191' title='bbox 1065 3312 1223 3373; x_wconf 87' lang='lat' dir='ltr'>mutavit.</span> <span class='ocrx_word' id='word_1_192' title='bbox 1260 3313 1462 3389; x_wconf 80' lang='lat' dir='ltr'>Quapropter</span> <span class='ocrx_word' id='word_1_193' title='bbox 1486 3316 1555 3374; x_wconf 84' lang='lat' dir='ltr'>veri</span> 
     </span>
     <span class='ocr_line' id='line_1_24' title="bbox 328 3426 1573 3503; baseline 0.003 -19"><span class='ocrx_word' id='word_1_194' title='bbox 328 3426 459 3485; x_wconf 90' lang='lat' dir='ltr'>videtur</span> <span class='ocrx_word' id='word_1_195' title='bbox 482 3426 643 3502; x_wconf 91' lang='lat' dir='ltr'>similius,</span> <span class='ocrx_word' id='word_1_196' title='bbox 669 3443 734 3486; x_wconf 91' lang='lat' dir='ltr'>non</span> <span class='ocrx_word' id='word_1_197' title='bbox 760 3443 802 3487; x_wconf 85' lang='lat' dir='ltr'>ex</span> <span class='ocrx_word' id='word_1_198' title='bbox 825 3428 996 3488; x_wconf 87' lang='lat' dir='ltr'>Menandri</span> <span class='ocrx_word' id='word_1_199' title='bbox 1018 3427 1290 3503; x_wconf 88' lang='lat' dir='ltr'>Disceptantibus</span> <span class='ocrx_word' id='word_1_200' title='bbox 1313 3427 1371 3488; x_wconf 91' lang='lat' dir='ltr'>sed</span> <span class='ocrx_word' id='word_1_201' title='bbox 1395 3443 1436 3487; x_wconf 87' lang='lat' dir='ltr'>ex</span> <span class='ocrx_word' id='word_1_202' title='bbox 1460 3428 1573 3502; x_wconf 83' lang='lat' dir='ltr'>Apol&#39;</span> 
     </span>
    </p>
   </div>
   <div class='ocr_carea' id='block_1_9' title="bbox 197 3538 1553 3615">
    <p class='ocr_par' dir='ltr' id='par_1_14' title="bbox 197 3538 1553 3615">
     <span class='ocr_line' id='line_1_25' title="bbox 197 3538 1553 3615; baseline 0.002 -16"><span class='ocrx_word' id='word_1_203' title='bbox 197 3592 201 3599; x_wconf 91' lang='lat'>.</span> <span class='ocrx_word' id='word_1_204' title='bbox 327 3538 432 3599; x_wconf 93' lang='lat' dir='ltr'>lodori</span> <span class='ocrx_word' id='word_1_205' title='bbox 456 3538 599 3613; x_wconf 81' lang='lat' dir='ltr'>Carystii</span> <span class='ocrx_word' id='word_1_206' title='bbox 624 3542 755 3615; x_wconf 88' lang='lat' dir='ltr'>Hecyra</span> <span class='ocrx_word' id='word_1_207' title='bbox 779 3541 970 3601; x_wconf 88' lang='lat' dir='ltr'>Terentium</span> <span class='ocrx_word' id='word_1_208' title='bbox 996 3557 1092 3601; x_wconf 89' lang='lat' dir='ltr'>suam</span> <span class='ocrx_word' id='word_1_209' title='bbox 1117 3543 1254 3602; x_wconf 85' lang='lat' dir='ltr'>duxisse</span> <span class='ocrx_word' id='word_1_210' title='bbox 1277 3540 1435 3600; x_wconf 88' lang='lat' dir='ltr'>fabulam.</span> <span class='ocrx_word' id='word_1_211' title='bbox 1472 3541 1553 3602; x_wconf 86' lang='lat' dir='ltr'>Inie·</span> 
     </span>
    </p>
   </div>
   <div class='ocr_carea' id='block_1_10' title="bbox 325 3651 1554 3961">
    <p class='ocr_par' dir='ltr' id='par_1_15' title="bbox 325 3651 1554 3961">
     <span class='ocr_line' id='line_1_26' title="bbox 325 3651 1553 3731; baseline 0.004 -21"><span class='ocrx_word' id='word_1_212' title='bbox 325 3651 486 3713; x_wconf 86' lang='lat' dir='ltr'>licissimc</span> <span class='ocrx_word' id='word_1_213' title='bbox 517 3655 632 3713; x_wconf 88' lang='lat' dir='ltr'>autem</span> <span class='ocrx_word' id='word_1_214' title='bbox 656 3655 728 3714; x_wconf 88' lang='lat' dir='ltr'>sive</span> <span class='ocrx_word' id='word_1_215' title='bbox 751 3655 926 3715; x_wconf 78' lang='lat' dir='ltr'>Terentius</span> <span class='ocrx_word' id='word_1_216' title='bbox 950 3655 1267 3731; x_wconf 88' lang='lat' dir='ltr'>sive.Apollodorus</span> <span class='ocrx_word' id='word_1_217' title='bbox 1291 3655 1437 3715; x_wconf 88' lang='lat' dir='ltr'>mutavit</span> <span class='ocrx_word' id='word_1_218' title='bbox 1460 3671 1553 3730; x_wconf 86' lang='lat' dir='ltr'>argu·</span> 
     </span>
     <span class='ocr_line' id='line_1_27' title="bbox 328 3767 1553 3847; baseline 0.002 -22"><span class='ocrx_word' id='word_1_219' title='bbox 328 3768 479 3826; x_wconf 89' lang='lat' dir='ltr'>mentum</span> <span class='ocrx_word' id='word_1_220' title='bbox 509 3767 641 3827; x_wconf 87' lang='lat' dir='ltr'>fabulae</span> <span class='ocrx_word' id='word_1_221' title='bbox 672 3768 903 3846; x_wconf 87' lang='lat' dir='ltr'>Menandreae.</span> <span class='ocrx_word' id='word_1_222' title='bbox 940 3769 1024 3830; x_wconf 88' lang='lat' dir='ltr'>Nam</span> <span class='ocrx_word' id='word_1_223' title='bbox 1056 3771 1142 3845; x_wconf 91' lang='lat' dir='ltr'>apud</span> <span class='ocrx_word' id='word_1_224' title='bbox 1165 3769 1381 3829; x_wconf 88' lang='lat' dir='ltr'>Menandrum</span> <span class='ocrx_word' id='word_1_225' title='bbox 1404 3769 1553 3847; x_wconf 89' lang='lat' dir='ltr'>iuvenis,</span> 
     </span>
     <span class='ocr_line' id='line_1_28' title="bbox 328 3882 1554 3961; baseline 0.002 -20"><span class='ocrx_word' id='word_1_226' title='bbox 328 3882 383 3954; x_wconf 89' lang='lat' dir='ltr'>qui</span> <span class='ocrx_word' id='word_1_227' title='bbox 403 3884 503 3942; x_wconf 91' lang='lat' dir='ltr'>noctu</span> <span class='ocrx_word' id='word_1_228' title='bbox 528 3883 598 3943; x_wconf 88' lang='lat' dir='ltr'>vim</span> <span class='ocrx_word' id='word_1_229' title='bbox 621 3883 737 3943; x_wconf 88' lang='lat' dir='ltr'>intulit</span> <span class='ocrx_word' id='word_1_230' title='bbox 760 3883 889 3958; x_wconf 89' lang='lat' dir='ltr'>puellae</span> <span class='ocrx_word' id='word_1_231' title='bbox 913 3883 1086 3961; x_wconf 84' lang='lat' dir='ltr'>honestae,</span> <span class='ocrx_word' id='word_1_232' title='bbox 1111 3885 1159 3945; x_wconf 91' lang='lat' dir='ltr'>ita</span> <span class='ocrx_word' id='word_1_233' title='bbox 1182 3885 1332 3960; x_wconf 87' lang='lat' dir='ltr'>peccavit</span> <span class='ocrx_word' id='word_1_234' title='bbox 1356 3886 1393 3945; x_wconf 90' lang='lat' dir='ltr'>ut</span> <span class='ocrx_word' id='word_1_235' title='bbox 1417 3886 1450 3944; x_wconf 90' lang='lat' dir='ltr'>et</span> <span class='ocrx_word' id='word_1_236' title='bbox 1469 3885 1554 3960; x_wconf 88' lang='lat' dir='ltr'>apud</span> 
     </span>
    </p>
   </div>
   <div class='ocr_carea' id='block_1_11' title="bbox 200 3993 1554 4075">
    <p class='ocr_par' dir='ltr' id='par_1_16' title="bbox 200 3993 1554 4075">
     <span class='ocr_line' id='line_1_29' title="bbox 200 3993 1554 4075; baseline 0.004 -22"><span class='ocrx_word' id='word_1_237' title='bbox 200 3993 202 3997; x_wconf 83' lang='lat'>&#39;</span> <span class='ocrx_word' id='word_1_238' title='bbox 327 3996 411 4056; x_wconf 91' lang='lat' dir='ltr'>alios</span> <span class='ocrx_word' id='word_1_239' title='bbox 435 3998 569 4058; x_wconf 84' lang='lat' dir='ltr'>veniam</span> <span class='ocrx_word' id='word_1_240' title='bbox 593 4000 706 4073; x_wconf 89' lang='lat' dir='ltr'>posset</span> <span class='ocrx_word' id='word_1_241' title='bbox 728 3999 895 4075; x_wconf 90' lang='lat' dir='ltr'>invenire,</span> <span class='ocrx_word' id='word_1_242' title='bbox 921 4000 1096 4073; x_wconf 89' lang='lat' dir='ltr'>postquam</span> <span class='ocrx_word' id='word_1_243' title='bbox 1121 3999 1238 4073; x_wconf 81' lang='lat' dir='ltr'>flagitii</span> <span class='ocrx_word' id='word_1_244' title='bbox 1262 4014 1338 4059; x_wconf 91' lang='lat' dir='ltr'>eum</span> <span class='ocrx_word' id='word_1_245' title='bbox 1363 4000 1495 4074; x_wconf 90' lang='lat' dir='ltr'>puduit,</span> <span class='ocrx_word' id='word_1_246' title='bbox 1522 4002 1554 4060; x_wconf 90' lang='lat' dir='ltr'>et</span> 
     </span>
    </p>
   </div>
   <div class='ocr_carea' id='block_1_12' title="bbox 325 4092 1554 4761">
    <p class='ocr_par' dir='ltr' id='par_1_17' title="bbox 325 4092 1554 4761">
     <span class='ocr_line' id='line_1_30' title="bbox 327 4092 1551 4188; baseline 0.002 -21"><span class='ocrx_word' id='word_1_247' title='bbox 327 4110 412 4183; x_wconf 91' lang='lat' dir='ltr'>apud</span> <span class='ocrx_word' id='word_1_248' title='bbox 436 4092 545 4185; x_wconf 87' lang='lat' dir='ltr'>ipsam</span> <span class='ocrx_word' id='word_1_249' title='bbox 569 4111 661 4171; x_wconf 88' lang='lat' dir='ltr'>illam</span> <span class='ocrx_word' id='word_1_250' title='bbox 685 4112 849 4188; x_wconf 89' lang='lat' dir='ltr'>puellam,</span> <span class='ocrx_word' id='word_1_251' title='bbox 875 4127 958 4186; x_wconf 88' lang='lat' dir='ltr'>quac</span> <span class='ocrx_word' id='word_1_252' title='bbox 979 4112 1067 4172; x_wconf 86' lang='lat' dir='ltr'>felici</span> <span class='ocrx_word' id='word_1_253' title='bbox 1088 4126 1167 4171; x_wconf 88' lang='lat' dir='ltr'>casu</span> <span class='ocrx_word' id='word_1_254' title='bbox 1187 4113 1217 4172; x_wconf 92' lang='lat' dir='ltr'>ei</span> <span class='ocrx_word' id='word_1_255' title='bbox 1237 4113 1349 4172; x_wconf 88' lang='lat' dir='ltr'>iuncta</span> <span class='ocrx_word' id='word_1_256' title='bbox 1368 4115 1420 4172; x_wconf 89' lang='lat' dir='ltr'>est</span> <span class='ocrx_word' id='word_1_257' title='bbox 1440 4112 1551 4173; x_wconf 89' lang='lat' dir='ltr'>matri·</span> 
     </span>
     <span class='ocr_line' id='line_1_31' title="bbox 327 4225 1554 4310; baseline 0.001 -27"><span class='ocrx_word' id='word_1_258' title='bbox 327 4225 449 4285; x_wconf 92' lang='lat' dir='ltr'>monio.</span> <span class='ocrx_word' id='word_1_259' title='bbox 474 4226 692 4286; x_wconf 78' lang='lat' dir='ltr'>Terentianus</span> <span class='ocrx_word' id='word_1_260' title='bbox 717 4242 796 4287; x_wconf 89' lang='lat' dir='ltr'>vero</span> <span class='ocrx_word' id='word_1_261' title='bbox 820 4227 1016 4302; x_wconf 89' lang='lat' dir='ltr'>Pamphilus</span> <span class='ocrx_word' id='word_1_262' title='bbox 1037 4227 1109 4302; x_wconf 91' lang='lat' dir='ltr'>ille,</span> <span class='ocrx_word' id='word_1_263' title='bbox 1128 4227 1184 4301; x_wconf 92' lang='lat' dir='ltr'>qui</span> <span class='ocrx_word' id='word_1_264' title='bbox 1200 4226 1416 4310; x_wconf 75' lang='lat' dir='ltr'>Philumenae</span> <span class='ocrx_word' id='word_1_265' title='bbox 1434 4225 1554 4300; x_wconf 83' lang='lat' dir='ltr'>virgini</span> 
     </span>
     <span class='ocr_line' id='line_1_32' title="bbox 328 4337 1552 4416; baseline 0.004 -21"><span class='ocrx_word' id='word_1_266' title='bbox 328 4337 360 4395; x_wconf 90' lang='lat' dir='ltr'>vi</span> <span class='ocrx_word' id='word_1_267' title='bbox 393 4338 426 4397; x_wconf 90' lang='lat' dir='ltr'>in</span> <span class='ocrx_word' id='word_1_268' title='bbox 457 4341 604 4401; x_wconf 89' lang='lat' dir='ltr'>tenebris</span> <span class='ocrx_word' id='word_1_269' title='bbox 627 4356 840 4416; x_wconf 90' lang='lat' dir='ltr'>compressae</span> <span class='ocrx_word' id='word_1_270' title='bbox 864 4356 929 4401; x_wconf 92' lang='lat' dir='ltr'>non</span> <span class='ocrx_word' id='word_1_271' title='bbox 954 4341 1063 4401; x_wconf 89' lang='lat' dir='ltr'>solum</span> <span class='ocrx_word' id='word_1_272' title='bbox 1087 4342 1247 4416; x_wconf 91' lang='lat' dir='ltr'>pudorem</span> <span class='ocrx_word' id='word_1_273' title='bbox 1273 4341 1412 4416; x_wconf 90' lang='lat' dir='ltr'>eripuit,</span> <span class='ocrx_word' id='word_1_274' title='bbox 1437 4342 1552 4400; x_wconf 90' lang='lat' dir='ltr'>sedet</span> 
     </span>
     <span class='ocr_line' id='line_1_33' title="bbox 326 4451 1549 4531; baseline 0.004 -22"><span class='ocrx_word' id='word_1_275' title='bbox 326 4451 463 4512; x_wconf 91' lang='lat' dir='ltr'>anulum</span> <span class='ocrx_word' id='word_1_276' title='bbox 499 4471 596 4527; x_wconf 82' lang='lat' dir='ltr'>quem</span> <span class='ocrx_word' id='word_1_277' title='bbox 631 4456 664 4514; x_wconf 92' lang='lat' dir='ltr'>in</span> <span class='ocrx_word' id='word_1_278' title='bbox 700 4456 803 4530; x_wconf 85' lang='lat' dir='ltr'>digito</span> <span class='ocrx_word' id='word_1_279' title='bbox 838 4455 895 4515; x_wconf 91' lang='lat' dir='ltr'>illa</span> <span class='ocrx_word' id='word_1_280' title='bbox 929 4455 1090 4531; x_wconf 88' lang='lat' dir='ltr'>habebat,</span> <span class='ocrx_word' id='word_1_281' title='bbox 1124 4455 1199 4516; x_wconf 92' lang='lat' dir='ltr'>dein</span> <span class='ocrx_word' id='word_1_282' title='bbox 1231 4471 1248 4515; x_wconf 92' lang='lat' dir='ltr'>e</span> <span class='ocrx_word' id='word_1_283' title='bbox 1279 4455 1350 4514; x_wconf 91' lang='lat' dir='ltr'>loco</span> <span class='ocrx_word' id='word_1_284' title='bbox 1382 4454 1437 4512; x_wconf 89' lang='lat' dir='ltr'>ubi</span> <span class='ocrx_word' id='word_1_285' title='bbox 1468 4453 1549 4514; x_wconf 90' lang='lat' dir='ltr'>illud</span> 
     </span>
     <span class='ocr_line' id='line_1_34' title="bbox 326 4566 1547 4655; baseline 0.005 -32"><span class='ocrx_word' id='word_1_286' title='bbox 326 4566 434 4626; x_wconf 87' lang='lat' dir='ltr'>scelus</span> <span class='ocrx_word' id='word_1_287' title='bbox 465 4570 669 4655; x_wconf 87' lang='lat' dir='ltr'>perpetravit</span> <span class='ocrx_word' id='word_1_288' title='bbox 692 4570 855 4630; x_wconf 89' lang='lat' dir='ltr'>curriculo</span> <span class='ocrx_word' id='word_1_289' title='bbox 879 4585 915 4630; x_wconf 89' lang='lat' dir='ltr'>se</span> <span class='ocrx_word' id='word_1_290' title='bbox 938 4570 1079 4629; x_wconf 87' lang='lat' dir='ltr'>contulit</span> <span class='ocrx_word' id='word_1_291' title='bbox 1103 4570 1143 4629; x_wconf 92' lang='lat' dir='ltr'>ad</span> <span class='ocrx_word' id='word_1_292' title='bbox 1167 4571 1310 4629; x_wconf 89' lang='lat' dir='ltr'>amicam</span> <span class='ocrx_word' id='word_1_293' title='bbox 1333 4568 1547 4645; x_wconf 85' lang='lat' dir='ltr'>Bacchidem,</span> 
     </span>
     <span class='ocr_line' id='line_1_35' title="bbox 325 4682 1550 4761; baseline 0.003 -20"><span class='ocrx_word' id='word_1_294' title='bbox 325 4682 379 4742; x_wconf 92' lang='lat' dir='ltr'>oui</span> <span class='ocrx_word' id='word_1_295' title='bbox 411 4683 547 4745; x_wconf 90' lang='lat' dir='ltr'>anulum</span> <span class='ocrx_word' id='word_1_296' title='bbox 579 4683 675 4744; x_wconf 87' lang='lat' dir='ltr'>illurn</span> <span class='ocrx_word' id='word_1_297' title='bbox 707 4685 793 4745; x_wconf 92' lang='lat' dir='ltr'>dono</span> <span class='ocrx_word' id='word_1_298' title='bbox 823 4685 924 4761; x_wconf 87' lang='lat' dir='ltr'>dedit,</span> <span class='ocrx_word' id='word_1_299' title='bbox 959 4686 1068 4745; x_wconf 87' lang='lat' dir='ltr'>sector</span> <span class='ocrx_word' id='word_1_300' title='bbox 1099 4684 1254 4746; x_wconf 78' lang='lat' dir='ltr'>nonarius</span> <span class='ocrx_word' id='word_1_301' title='bbox 1284 4684 1396 4759; x_wconf 88' lang='lat' dir='ltr'>potius</span> <span class='ocrx_word' id='word_1_302' title='bbox 1419 4684 1550 4745; x_wconf 88' lang='lat' dir='ltr'>videtur</span> 
     </span>
    </p>
   </div>
   <div class='ocr_carea' id='block_1_13' title="bbox 0 0 1880 5492">
    <p class='ocr_par' dir='ltr' id='par_1_18' title="bbox 0 0 1880 5492">
     <span class='ocr_line' id='line_1_36' title="bbox 0 0 1880 5492; baseline 0 5"><span class='ocrx_word' id='word_1_303' title='bbox 0 0 1880 5492; x_wconf 95' lang='lat' dir='ltr'> </span> 
     </span>
    </p>
   </div>
  </div>
 </body>
</html>
