3750 5492
376 661 418 720 76
870 674 1107 721 oraonuronsn.

374 849 591 908 monumenta
612 847 670 907 illa
692 847 888 923 inspiciendi
909 848 996 909 facta
1018 848 1082 908 sibi
1105 849 1195 909 esset
1217 848 1373 923 facultas,
1399 849 1507 910 laetus
1526 863 1600 909 eam

374 961 522 1035 agnovit.
540 961 578 1020 In
599 960 739 1035 gratiam
758 961 832 1035 dein
853 961 951 1022 rediit
970 962 1079 1037 puella
1098 978 1173 1023 oum
1193 962 1298 1023 milite
1315 963 1449 1023 homine
1461 963 1600 1024 minime

374 1074 476 1151 malo,
496 1089 693 1149 vmagnaque
724 1075 799 1136 dote
823 1090 843 1136 a
865 1078 959 1151 patre
982 1078 1101 1137 ornata
1124 1077 1231 1138 iustas
1253 1076 1389 1152 nuptias
1412 1091 1487 1137 oum
1511 1076 1599 1137 Pole-

374 1202 472 1249 mone
494 1188 577 1249 iniit.

419 1301 642 1365 Moschionem
666 1304 777 1363 autem
798 1318 895 1364 suum
917 1304 1055 1365 fratrem
1075 1319 1148 1365 esse
1168 1304 1256 1366 laeta
1274 1304 1341 1364 iam
1354 1304 1438 1364 dixit
1450 1305 1600 1387 Pataeco‚

375 1415 559 1492 Polemoni,
588 1416 641 1476 oui
664 1431 747 1490 non;
772 1432 891 1493 nempe
915 1432 980 1478 non
1005 1420 1077 1478 erat
1100 1419 1318 1478 confratrem
1342 1419 1442 1479 etiam
1467 1419 1604 1493 puderet

374 1530 514 1590 sororis:
534 1532 600 1589 non
620 1530 803 1591 concubina
821 1533 894 1592 erat
912 1531 1030 1592 militis
1046 1532 1165 1592 humili
1176 1532 1248 1593 loco
1260 1535 1352 1609 nata,
1366 1532 1424 1593 sed
1437 1533 1500 1593 viri
1511 1548 1601 1608 prae-

375 1643 488 1703 divitis
507 1641 585 1704 fllia.
604 1644 749 1718 Agnitus
768 1644 870 1719 igitur
889 1660 909 1705 a
928 1645 1070 1706 Pataeoo
1082 1645 1226 1706 Moschio
1239 1645 1325 1705 dixit
1336 1646 1423 1721 patri
1435 1661 1471 1707 se
1483 1646 1603 1706 Philini

374 1757 545 1818 cuiusdam
567 1757 672 1818 filiam
693 1773 815 1820 amare.
836 1759 925 1835 Quae
949 1760 1059 1834 puella
1077 1751 1294 1821 matrimonio
1314 1760 1343 1820 ei
1363 1760 1474 1820 iuncta
1490 1763 1555 1835 est,
1570 1762 1603 1821 et

374 1872 423 1932 sio
434 1872 560 1932 laetum
573 1873 702 1933 exitum
715 1873 830 1933 habuit
842 1873 955 1934 fabula
966 1873 1092 1935 duabus
1105 1875 1195 1936 cenis
1205 1874 1409 1948 nuptialibus
1418 1875 1600 1935 instructis.

419 1985 581 2047 Pataeous
603 2003 724 2048 nomen
744 1989 914 2062 cognitum
934 1991 1048 2049 estex
1067 1989 1234 2050 Herodoto
1250 1982 1288 2062 ¹);
1308 1987 1500 2049 dicebantur
1511 1989 1599 2050 enim

375 2100 508 2161 Pata-eci
537 2097 629 2178 „deni
661 2101 812 2179 Φοίνικες,
841 2098 895 2173 οὓς
924 2100 1021 2161 ἱστᾶσι
1049 2100 1126 2162 κατὰ
1154 2100 1206 2174 τὰς
1237 2101 1358 2186 πρῴρας
1388 2111 1447 2161 τῶν
1475 2110 1553 2162 νεῶν
1565 2100 1600 2173 ²).

373 2214 517 2276 Divitem
552 2215 654 2290 igitur
688 2216 896 2291 peregrinum
930 2250 973 2260 -
1009 2216 1151 2279 fortasse
1186 2217 1346 2294 militem,
1378 2219 1416 2278 ut
1446 2218 1516 2293 ipse
1539 2217 1603 2277 fuit

374 2330 519 2406 Polemo,
553 2364 593 2373 -
625 2345 693 2390 non
725 2329 886 2391 Graecum
918 2331 1178 2407 intellegendum
1208 2347 1282 2393 esse
1310 2332 1405 2393 facile
1436 2331 1603 2408 putaverit

375 2445 466 2518 quis;
498 2444 556 2505 sed
585 2439 738 2522 ,ζΈλληνα
761 2442 893 2525 τρόπον“
916 2446 1072 2519 quoniam
1097 2446 1130 2506 in
1154 2444 1222 2508 lilia
1244 2461 1306 2507 sua
1324 2446 1433 2506 laetus
1452 2445 1601 2520 agnoscit

375 2551 585 2634 Pataecus³),
622 2560 657 2620 et
689 2559 799 2634 ipsum
834 2559 996 2620 Graecum
1031 2560 1134 2620 fuisse
1168 2575 1342 2620 sumamus
1372 2574 1507 2620 necesse
1538 2563 1601 2620 est.

374 2672 485 2745 Neque
507 2672 695 2733 inauditum
718 2673 783 2733 fuit
805 2673 867 2733 hoo
888 2687 1010 2734 nomen
1034 2674 1121 2735 inter
1142 2678 1232 2735 oives
1253 2674 1383 2735 Atticos
1403 2666 1438 2745 ⁴).

914 2862 1060 2870 ———

419 2983 619 3044 Interiorunt
653 2984 783 3046 fabulae
822 2999 943 3046 nomen
964 2979 998 3063 ⁵),
1036 2987 1270 3061 argumentum
1307 2986 1497 3063 metricum,
1532 3001 1601 3061 per·

374 3112 533 3158 sonarum
563 3100 663 3160 index
693 3103 726 3160 et
757 3102 852 3161 actus
882 3101 981 3176 primi
1011 3100 1144 3161 initium
1175 3101 1247 3161 sive
1277 3115 1395 3161 versus
1418 3100 1485 3162 fere
1510 3100 1601 3174 quin-

375 3213 544 3290 quaginta,
569 3229 647 3275 nam
669 3216 814 3291 primum
837 3215 952 3276 folium
978 3215 1093 3276 deesse
1117 3215 1247 3276 videtur
1270 3215 1391 3277 solum.

418 3328 554 3388 Initium
573 3329 653 3389 fecit
672 3329 811 3403 Glycera
824 3322 846 3400 6)
867 3346 909 3391 ex
928 3328 1056 3389 amicae
1076 3332 1112 3390 ut
1132 3330 1246 3406 opinor
1261 3328 1397 3389 aedibus
1409 3342 1599 3404 progressa,

374 3442 447 3502 dein
479 3457 555 3502 cum
585 3442 703 3504 Doride
733 3444 945 3505 confabulatu
974 3445 1070 3505 etde
1094 3445 1184 3504 tristi
1207 3459 1268 3504 sua
1291 3445 1381 3504 sorte
1404 3443 1599 3517 conquesta,

374 3558 459 3632 quod
494 3557 533 3617 ab
568 3560 717 3619 amatore
752 3558 908 3619 iracundo
943 3558 1014 3619 heri
1048 3558 1137 3619 male
1167 3557 1315 3618 mulcata
1345 3559 1434 3618 esset
1446 3548 1481 3626 ⁷).
1513 3556 1602 3632 Quae

374 3675 550 3747 postquam
576 3672 674 3733 aedes
699 3673 805 3733 denuo
829 3673 1013 3749 intrarunt,
1037 3673 1161 3748 prodiit
1183 3670 1403 3747 Ignoratio
1426 3670 1486 3731 dea
1499 3663 1532 3740 ⁸).

410 3877 427 3942 ¹)
445 3882 568 3930 Herodot.
586 3883 628 3930 III
648 3883 689 3931 at.

407 3957 428 4021 2)
447 3962 560 4019 Hesyoh.
574 3976 595 4008 s.
613 3976 649 4018 v.;
670 3963 705 4009 oi.
723 3963 755 4009 fr.
773 3975 839 4010 eom.
857 3963 949 4023 adeep.
968 3963 1026 4009 423.

407 4037 429 4099 3)
447 4042 490 4089 Vs.
509 4042 566 4089 35⁷.

407 4118 428 4182 ⁴)
448 4121 804 4182 0i.Kirol1uarProsopogr.
823 4119 852 4168 n⁰
872 4123 954 4169 11676
972 4133 1029 4179 sqq.

408 4199 428 4265 ⁵)
447 4202 555 4248 Constat
572 4203 658 4247 tamen
676 4204 785 4261 propter
800 4201 892 4248 versus
911 4202 960 4248 173
979 4214 1017 4259 sq.
1036 4204 1061 4246 lx
1075 4208 1114 4258 τῆς
1129 4199 1324 4263 Περικειρομένης
1338 4195 1601 4245 allatosaveteribus.

374 4282 427 4329 Neo
442 4293 492 4326 non
510 4278 634 4327 materies
650 4293 718 4339 quae
737 4278 765 4326 in
781 4281 830 4326 hao
849 4281 939 4327 fabula
957 4282 1086 4327 tractatur
1103 4279 1208 4326 aliunde
1225 4278 1328 4338 oognita
1346 4274 1398 4324 ruit
1414 4279 1440 4322 ot
1457 4277 1576 4324 antehae.

408 4357 582 4418 &Mat

408 4438 428 4505 ⁷)
445 4441 509 4487 Heri
525 4436 627 4498 vesperi
645 4453 660 4485 a
678 4435 829 4486 Mosobiono
847 4438 949 4485 basiate
964 4440 990 4484 et
1008 4452 1023 4484 a
1037 4437 1178 4485 Polemone
1188 4437 1299 4485 detonsa
1308 4437 1349 4482 est
1358 4436 1406 4493 (vs.
1417 4437 1448 4482 33
1457 4437 1517 4483 ooll.
1527 4433 1601 4501 33η)

376 4533 445 4567 nuno
463 4522 503 4566 est
520 4517 573 4565 diei
590 4533 651 4580 pars
669 4518 741 4579 prior
759 4515 805 4582 (ol.
822 4531 862 4566 vs.
879 4514 931 4580 55).
989 4528 998 4547 ⁸

408 4596 430 4658 8)
448 4600 486 4646 De
509 4598 659 4646 ouiusmodi
680 4599 800 4658 personis
819 4598 853 4645 oi.
874 4610 954 4658 snpra
971 4610 1030 4657 pag.
1050 4598 1073 4644 Ἄ.
1096 4594 1278 4659 Ignorationem
1298 4598 1396 4646 fabulis
1413 4611 1507 4648 nomen
1524 4596 1602 4646 dedo·

374 4682 436 4729 runt
449 4678 572 4745 Diphilus
590 4682 617 4728 et
634 4678 734 4729 Macho.

868 4796 1116 4804 ————
