3750 5492
328 646 392 707 158
877 662 994 707 saura.

326 831 385 893 fiat
415 847 540 906 sermo,
571 835 629 892 eut
659 832 699 892 ad
730 832 879 893 Samiam
906 836 965 893 aut
988 833 1028 894 ad
1051 832 1319 894 circumtonsam
1342 835 1556 896 referendum

327 960 401 1006 esse
424 946 546 1007 dixerit
568 946 745 1022 quispiam.
769 947 831 1007 Sed
855 947 1010 1021 quoniam
1034 950 1206 1023 praeterea
1228 946 1345 1010 nacta
1366 949 1501 1024 quidam
1520 951 1556 1011 in

324 1060 381 1121 illo
407 1059 562 1134 loquitur,
586 1060 682 1121 euius
704 1060 834 1122 nullum
857 1061 890 1121 in
914 1060 1053 1123 alterius
1074 1062 1183 1123 utrius
1204 1062 1334 1125 fabulae
1356 1064 1557 1139 fragmentis

272 1204 274 1209 ·
327 1177 379 1236 est
397 1174 586 1251 vestigium,
608 1179 641 1236 et
656 1169 795 1236 Chaerea
813 1176 943 1236 iuvenis
956 1179 1246 1246 commemoratur.
1259 1177 1314 1252 qui
1325 1177 1407 1239 item
1419 1179 1557 1240 aliunde

326 1291 378 1350 est
411 1289 557 1365 ignotus,
593 1290 701 1350 setius
735 1292 788 1350 est
817 1292 967 1350 statuere
996 1291 1131 1364 quintae
1160 1290 1300 1351 alicuius
1329 1291 1461 1353 fabulae
1491 1294 1555 1355 hoe

325 1418 429 1463 unum
460 1402 687 1477 fragmentum
719 1418 906 1480 superesse,
937 1418 1013 1464 eum
1042 1404 1238 1479 praesertim
1270 1402 1309 1466 ea
1338 1421 1421 1480 quae
1452 1407 1486 1468 in
1514 1423 1555 1469 eo

325 1517 480 1577 dicuntur
511 1531 587 1577 eum
618 1517 731 1593 rebus,
760 1532 844 1590 quae
875 1517 947 1578 sive
971 1533 988 1578 e
1011 1515 1262 1580 circumtonsae
1285 1518 1357 1580 sive
1379 1535 1397 1580 e
1420 1520 1554 1581 Samiae

323 1631 522 1706 fragmentis
545 1631 641 1692 nobis
663 1631 892 1706 innotuerunt,
919 1631 1086 1692 conciliari
1109 1646 1206 1706 posse
1229 1648 1294 1694 non
1318 1633 1503 1695 videantur.

369 1747 417 1806 En
441 1745 542 1821 igitur
565 1746 789 1821 fragmentum
814 1745 854 1806 ab
878 1746 1029 1807 Arnimio
1052 1747 1288 1808 constitutum:

747 1970 779 2018 In
793 1973 869 2030 parte
888 1971 971 2017 altera
989 1971 1126 2029 leguntur:

548 2062 651 2125 ἀδικεῖ
669 2059 696 2143 μ’
722 2061 835 2137 ἐκεῖνος
859 2061 951 2125 οὐδὲν
976 2063 1006 2138 ἐξ
1029 2063 1104 2143 ἐμοῦ
1128 2065 1250 2125 παθών.

548 2176 606 2257 ἤρα
630 2174 684 2255 μὲν
708 2175 754 2237 ἀεὶ
776 2187 828 2255 τῆς
851 2176 942 2257 κόρης
966 2176 1016 2237 καὶ
1040 2179 1138 2238 πολλοὶ
1161 2201 1212 2256 μοι

548 2290 707 2370 πράγματα
730 2297 879 2370 παρεῖχεν·
903 2288 943 2363 ὡς
968 2286 997 2350 δ’
1025 2288 1182 2371 ἐπέραινεν
1206 2289 1278 2353 οὐδὲ
1296 2293 1332 2352 ‘fv

548 2403 629 2488 αὐτῷ
651 2404 844 2484 παραδοῦναι
867 2403 919 2464 τὸν
934 2451 940 2465 .
957 2429 1040 2469 ...ν
1062 2406 1195 2485 πείθων,
1218 2406 1287 2467 ἰδοὺ

549 2517 746 2599 ἐξειργάσατο.
770 2518 799 2578 τί
819 2509 876 2579 οὖν
911 2516 1030 2579 ἀναίνει
1054 2517 1110 2597 τὴν
1135 2518 1209 2598 ἐμὴν

549 2631 626 2711 ἔχειν
649 2629 817 2713 &synestum

821 2781 885 2804 .-
909 2751 971 2820 τοῖς
995 2744 1028 2807 δὲ
1051 2748 1140 2808 δοῦσι
1162 2747 1230 2808 τίνα
1252 2747 1344 2829 λόγον

547 2858 618 2940 ἐρῶ,
640 2859 763 2939 Λάχης;
785 2869 876 2940 γενοῦ
899 2861 966 2941 γάρ,
988 2861 1110 2923 ἱκετεύω
1124 2908 1131 2924 .
1146 2908 1154 2924 .
1169 2909 1176 2924 .
1191 2909 1198 2925 .
1216 2886 1253 2922 ν.

548 3009 590 3018 -
616 2973 712 3052 οἴμοι,
735 2974 764 3034 τί
783 2974 907 3052 nerim

924 3123 967 3132 -
991 3089 1034 3163 τίς
1057 3087 1073 3150 ὁ
1096 3090 1178 3169 βοῶν
1202 3087 1282 3150 ἐστίν
1306 3112 1378 3151 ποτε

547 3200 623 3281 πρὸς
646 3205 710 3274 ταῖς
732 3202 862 3280 θύραιςς

895 3351 935 3360 -
960 3316 1080 3397 εὐκαιρ[

815 3543 846 3588 111
863 3543 946 3590 altera
965 3547 1052 3602 parte:

1014 3647 1073 3697 τῶν
1097 3645 1156 3697 νῦν
1179 3638 1287 3718 φόβων

550 3738 646 3799 ἔθυον
670 3736 870 3817 ἐκλελυμένος.
920 3752 922 3757 “

481 3833 485 3838 ”
883 3887 923 3898 -
948 3851 1021 3913 ἀλλὰ
1045 3849 1106 3930 μὴν
1123 3859 1210 3913 ποεῖν

547 3964 622 4045 ἡμῖν
645 3966 728 4040 ἔδοξε
750 3961 843 4027 ταῦτ’·
863 3966 921 4046 ἔχει
944 3966 1000 4044 τὴν
1021 3965 1180 4046 παρθένον

546 4079 562 4142 ὁ
587 4081 744 4160 Μοσχίων·
768 4075 872 4161 βέβηκ’
897 4079 1070 4159 ἐθελοντής,
1093 4080 1129 4142 οὐ
1153 4081 1213 4164 βίᾳ.

546 4193 670 4278 ᾠόμεθα
693 4198 872 4273 χαλεπανεῖν
897 4212 928 4254 σε
951 4203 1039 4255 τοῦτο
1064 4195 1253 4272 πυθόμενον.

328 4313 367 4373 lb
546 4307 661 4381 ἀστεῖος
685 4305 889 4387 ἀποβέβηκας·
913 4307 1128 4388 εὐκυχήκαμεν·

1268 4443 1541 4460 .-..-ι--.-..-

358 4498 382 4542 4.
399 4495 532 4555 τὸν...,ν]
551 4492 609 4554 *τὴν
626 4494 713 4559 nique?
731 4496 770 4542 An
786 4494 844 4541 *τὸν
861 4495 973 4559 φθόροιῗ

358 4575 381 4622 7.
397 4575 476 4636 γενοῦ]
493 4572 564 4629 *νέιές
582 4574 625 4621 eu?

359 4656 398 4700 ll.
417 4653 589 4714 δκ[λιλα]μιίος
606 4653 737 4711 SudhauS,
755 4653 918 4714 ἐκλεληομένος
933 4650 1047 4702 vArnim.

358 4733 507 4796 1001001]
525 4733 659 4793 supplevit
676 4733 806 4794 Sudhaus,
824 4734 931 4792 γαμεῖθ’
952 4733 1067 4781 tarnim.
