3750 5492
808 694 1059 743 DIBGEPTANTES.

546 867 587 940 εἰς
612 866 703 928 ταύτὸ
726 864 783 947 γὰρ
806 864 999 945 παράγομεν,
1024 861 1063 936 ὡς
1088 861 1153 941 ἐμοὶ
1177 863 1276 942 δοκεῖ,

547 977 625 1062 δεῦρ’
652 979 828 1060 ἀμφότεροι.

815 1143 1057 1202 ΟΝΗΣΙΜΟΣ.

856 1255 927 1318 νυνὶ
950 1254 1005 1336 μὲν
1030 1249 1087 1317 οὖν
1111 1257 1279 1337 συνάγουσι
1302 1254 1353 1316 καὶ

546 1374 604 1436 οὐκ
627 1374 709 1435 ἔστιν
733 1371 874 1452 εὔκαιρον
898 1372 931 1433 τὸ
956 1372 1084 1450 μηνύειν
1108 1371 1178 1444 ἴσως

547 1489 627 1572 αὐτῷ
651 1486 718 1568 περὶ
743 1489 866 1550 τούτων·
891 1484 999 1567 οὔριον
1024 1484 1066 1546 δέ.

824 1653 1048 1712 ΣΥΡΙΣΚΟΣ.

1094 1773 1264 1843 καταμενῶ·

547 1877 655 1959 αὔριον
679 1878 736 1966 bro>
761 1875 903 1959 βούλεσθ’
931 1876 1101 1959 ἐπιτρέπειν
1125 1876 1170 1939 ἑνὶ
1193 1878 1271 1963 λόγῳ

548 1990 674 2071 ἕτοιμος.

871 2099 976 2164 (Seonm
988 2099 1004 2165 z)

698 2194 770 2258 οὐδὲ
793 2206 853 2257 νῦν
876 2206 975 2269 κακῶς
999 2194 1168 2276 ἀπήλλαχα.

330 2314 394 2373 200
551 2311 674 2372 πάντων
698 2307 725 2372 δ’
753 2306 953 2389 ἀμελήσανθ’,
975 2308 1015 2383 ὡς
1039 2308 1153 2388 ἔοικεν,
1176 2310 1223 2370 δεῖ
1243 2310 1328 2381 δίκας

553 2430 688 2504 μελετᾶν·
714 2424 765 2486 διὰ
787 2424 870 2487 τουτὶ
893 2425 993 2485 πάντα
1015 2422 1087 2485 νυνὶ
1111 2423 1242 2504 σῴζεται.

688 2534 804 2599 (Abeunt
821 2538 899 2584 ambo
916 2534 944 2583 in
961 2536 1039 2583 aedes
1055 2531 1191 2597 Charisii.)

361 2717 417 2762 197.
435 2715 466 2761 In
479 2716 531 2762 fine
547 2728 636 2761 verene
649 2717 703 2762 Leo
719 2716 814 2762 elausit
827 2717 1002 2772 enuntiatum,
1019 2714 1075 2761 Lei.
1090 2717 1151 2773 poet
1164 2713 1251 2775 αὔριον.
1405 2782 1435 2788 —
1453 2781 1471 2789 -

360 2796 417 2841 201.
435 2796 498 2842 Poet
514 2796 583 2842 huno
601 2808 704 2842 veroum
721 2797 747 2841 in
766 2796 823 2843 ood.
843 2799 884 2844 ost
901 2797 983 2842 series
1000 2797 1158 2854 punotorum
1169 2826 1310 2853 .........
1327 2792 1389 2838 dein
1404 2806 1436 2869 {f
1453 2807 1470 2867 ρ
1487 2784 1525 2870 οἶν.

370 2985 437 3039 194.
465 2986 503 3048 ὡς
529 2986 589 3050 ἐμοὶ
617 2985 703 3052 δοκεῖ]
733 2986 759 3038 ει·
779 2984 852 3039 rotie
872 2986 912 3039 in·
962 2982 1105 3039 ridiculus
1123 2984 1277 3049 eebquam
1289 2978 1559 3036 PhilooloonAris·

327 3078 430 3148 ielteqo.
806 3086 808 3088 ’
962 3075 1137 3144 tophanoue
1178 3073 1258 3130 domi
1295 3072 1380 3129 eolus
1414 3070 1473 3128 eibi
1503 3071 1558 3128 ius

369 3170 435 3225 195.
459 3172 620 3237 συνάγουσι]
643 3173 801 3225 convocant
821 3171 911 3224 σουυί-
963 3168 1074 3224 didone.

327 3278 379 3318 ooo
390 3259 426 3328 1,),
459 3263 548 3318 instat
582 3278 667 3333 ceno,
701 3267 828 3330 μέλλουσι
861 3267 912 3317 be-
1003 3261 1070 3316 201.
1096 3260 1225 3328 Chorus,
1246 3257 1321 3313 utin
1337 3255 1558 3325 Aristophanis

327 3358 450 3423 πνήσειν.
963 3351 1179 3408 Eooleeiazusis
1208 3353 1239 3406 ot
1266 3350 1373 3420 Pluto,
1395 3350 1439 3407 sio
1458 3350 1491 3404 in
1512 3349 1556 3405 fa-

370 3449 437 3504 197.
461 3449 549 3518 αὐτῷ]
572 3445 680 3515 bero2).
963 3445 1040 3500 bulis
1067 3444 1222 3500 Menandri
1249 3447 1304 3499 aut
1328 3444 1441 3499 tacitus
1463 3442 1558 3499 salta·

371 3572 405 3579 -
436 3542 593 3606 καταμενῶ]
622 3540 652 3594 in
681 3543 802 3596 montes
827 3555 912 3596 moos
964 3540 1008 3593 vit
1035 3539 1105 3606 aut,
1133 3537 1160 3591 ei
1187 3537 1244 3592 hoo
1271 3536 1403 3591 alienum
1433 3535 1491 3591 fuit
1515 3537 1557 3592 ab

328 3648 389 3689 non
421 3631 505 3701 prius
537 3633 638 3687 redibo
670 3646 761 3699 quam
791 3634 913 3688 constet
963 3634 1028 3687 arte
1055 3633 1212 3700 veterum,
1241 3631 1378 3685 cantavit
1405 3629 1558 3697 quaedam

329 3725 398 3792 quid
420 3725 462 3780 roi
484 3724 534 3779 sit.
964 3740 1041 3792 quae
1063 3727 1098 3779 ad
1119 3724 1239 3779 fabulae
1257 3724 1475 3790 argumentum
1491 3735 1557 3778 non

371 3819 437 3872 198.
467 3820 597 3883 βούλεσθε
626 3819 791 3883 ἐπιτρέπειν]
819 3819 853 3871 tu
883 3819 913 3873 et
964 3818 1152 3887 pertinerent
1163 3813 1194 3884 4).
1223 3817 1322 3871 Etiam
1350 3816 1380 3870 in
1408 3815 1557 3871 vetustis·

329 3911 421 3964 herus
460 3912 543 3965 tuus.
585 3909 720 3966 Verbum
760 3912 913 3977 ἐπιτρέπειν
965 3911 1042 3966 sima
1054 3924 1169 3979 papyro
1186 3939 1219 3948 -ν
1229 3902 1269 3965 IIi
1283 3912 1355 3965 ante
1367 3909 1433 3966 Ohr.
1445 3924 1475 3964 n.
1488 3923 1557 3965 eae-

330 4017 424 4070 snpra
445 4002 556 4057 lectum
568 3999 600 4067 3).
964 4002 1021 4058 culi
1043 4017 1174 4070 -quae
1195 4003 1288 4058 tertio
1306 4001 1414 4057 abhinc
1433 4015 1515 4056 anno
1537 4017 1559 4058 a

371 4097 439 4150 200.
461 4096 537 4158 δίκας
558 4098 683 4162 μελετᾶν]
706 4095 847 4151 servulus
868 4095 915 4150 hio
964 4096 1091 4163 Iougeto
1109 4096 1250 4163 evulgata
1269 4091 1361 4163 este),
1380 4094 1559 4160 fragmenta

330 4205 348 4243 a
379 4188 558 4244 carbonibus
590 4190 620 4243 et
651 4188 778 4256 iuligine
809 4202 915 4242 recens
963 4186 1081 4243 fabulae
1104 4186 1227 4254 ignotae
1248 4186 1421 4255 praebenti,
1443 4184 1561 4252 legitur

329 4281 387 4337 arti
414 4281 562 4337 oratoriae
590 4282 718 4336 studens
739 4280 790 4335 vix
812 4281 914 4334 minus
964 4297 1058 4346 χοροο.

364 4539 385 4603 ¹)
402 4544 440 4590 Os.
454 4544 578 4590 circumi.
589 4544 620 4589 55
629 4543 660 4589 fr.
672 4544 719 4589 158
729 4557 768 4601 aq.
778 4544 891 4602 Ephipp.
902 4545 916 4588 4
927 4543 1015 4602 Diphil
1035 4539 1090 4589 43²⁸
1099 4545 1192 4591 Athen.
1202 4544 1276 4598 3650,
1289 4544 1336 4589 420
1345 4556 1358 4588 ε
1367 4541 1432 4590 Poll.
1443 4542 1478 4589 VI
1487 4544 1512 4590 8.
1523 4568 1558 4579 —

331 4607 352 4668 ²)
371 4611 409 4657 cf.
428 4624 508 4670 supro
526 4613 557 4658 fri
576 4611 715 4658 Iornetedt.
734 4624 771 4656 ve.
790 4614 814 4667 6,
831 4613 872 4656 Ar.
890 4612 956 4657 Nub.
973 4612 1030 4657 219.
1049 4638 1079 4644 —
1100 4608 1120 4675 ³)
1135 4613 1177 4659 Vs.
1192 4613 1215 4657 2.
1233 4637 1264 4645 -
1278 4606 1299 4668 ⁴)
1314 4612 1387 4656 Hane
1402 4608 1558 4669 opinionem

330 4679 538 4804 gosltossbit-tggm
562 4679 646 4725 denuo
669 4692 754 4738 nuper
778 4678 896 4726 defendit
917 4679 1004 4725 Kbrte.
1031 4703 1059 4713 —
1084 4674 1157 4736 5)01
1180 4679 1247 4726 Bull.
1266 4677 1297 4725 de
1316 4677 1468 4724 oorrfflell.
1487 4679 1558 4729 1900
