<?xml version="1.0" encoding="UTF-8"?>
<!DOCTYPE html PUBLIC "-//W3C//DTD XHTML 1.0 Transitional//EN"
    "http://www.w3.org/TR/xhtml1/DTD/xhtml1-transitional.dtd">
<html xmlns="http://www.w3.org/1999/xhtml" xml:lang="en" lang="en">
 <head>
  <title>
</title>
<meta http-equiv="Content-Type" content="text/html;charset=utf-8" />
  <meta name='ocr-system' content='tesseract 3.04.00' />
  <meta name='ocr-capabilities' content='ocr_page ocr_carea ocr_par ocr_line ocrx_word'/>
</head>
<body>
  <div class='ocr_page' id='page_1' title='image "./menandriquatuor00lefegoog_0020.png"; bbox 0 0 3750 5492; ppageno 0'>
   <div class='ocr_carea' id='block_1_1' title="bbox 878 628 994 673">
    <p class='ocr_par' dir='ltr' id='par_1_1' title="bbox 878 628 994 673">
     <span class='ocr_line' id='line_1_1' title="bbox 878 628 994 673; baseline 0 -1"><span class='ocrx_word' id='word_1_1' title='bbox 878 628 994 673; x_wconf 73' lang='lat' dir='ltr'>Hunos,</span> 
     </span>
    </p>
   </div>
   <div class='ocr_carea' id='block_1_2' title="bbox 548 802 1278 1148">
    <p class='ocr_par' dir='ltr' id='par_1_2' title="bbox 548 802 1278 1148">
     <span class='ocr_line' id='line_1_2' title="bbox 874 802 998 861; baseline 0.008 -2"><span class='ocrx_word' id='word_1_2' title='bbox 874 802 998 861; x_wconf 82' lang='grc' dir='ltr'><em>ΔΑΟΣ.</em></span> 
     </span>
     <span class='ocr_line' id='line_1_3' title="bbox 1213 889 1278 971; baseline -0.031 -19"><span class='ocrx_word' id='word_1_3' title='bbox 1213 889 1278 971; x_wconf 78' lang='grc' dir='ltr'><strong><em>ἐρῶ.</em></strong></span> 
     </span>
     <span class='ocr_line' id='line_1_4' title="bbox 860 981 1010 1038; baseline 0 0"><span class='ocrx_word' id='word_1_4' title='bbox 860 982 890 1038; x_wconf 91' lang='grc' dir='ltr'>Γ</span> <span class='ocrx_word' id='word_1_5' title='bbox 890 981 1010 1038; x_wconf 79' lang='grc' dir='ltr'><em>ΕΤΑΣ.</em></span> 
     </span>
     <span class='ocr_line' id='line_1_5' title="bbox 548 1064 1204 1148; baseline 0.003 -20"><span class='ocrx_word' id='word_1_6' title='bbox 548 1065 640 1129; x_wconf 77' lang='grc' dir='ltr'><strong><em>πλέον</em></strong></span> <span class='ocrx_word' id='word_1_7' title='bbox 664 1069 754 1129; x_wconf 83' lang='grc' dir='ltr'>δυοῖν</span> <span class='ocrx_word' id='word_1_8' title='bbox 777 1084 827 1129; x_wconf 85' lang='grc' dir='ltr'>σοι</span> <span class='ocrx_word' id='word_1_9' title='bbox 849 1069 993 1148; x_wconf 83' lang='grc' dir='ltr'><strong><em>χοινίιιοιν</em></strong></span> <span class='ocrx_word' id='word_1_10' title='bbox 1017 1064 1033 1128; x_wconf 80' lang='grc' dir='ltr'>ὁ</span> <span class='ocrx_word' id='word_1_11' title='bbox 1057 1067 1204 1148; x_wconf 73' lang='grc' dir='ltr'><strong><em>δεσπότης</em></strong></span> 
     </span>
    </p>
   </div>
   <div class='ocr_carea' id='block_1_3' title="bbox 549 1177 1294 1263">
    <p class='ocr_par' dir='ltr' id='par_1_3' title="bbox 549 1177 1294 1263">
     <span class='ocr_line' id='line_1_6' title="bbox 549 1177 1294 1263; baseline 0.001 -20"><span class='ocrx_word' id='word_1_12' title='bbox 549 1180 685 1263; x_wconf 55' lang='lat' dir='ltr'>accim</span> <span class='ocrx_word' id='word_1_13' title='bbox 708 1180 862 1262; x_wconf 83' lang='grc' dir='ltr'><strong><em>πονηρόν,</em></strong></span> <span class='ocrx_word' id='word_1_14' title='bbox 885 1177 958 1242; x_wconf 88' lang='grc' dir='ltr'><em>Δᾶ’.</em></span> <span class='ocrx_word' id='word_1_15' title='bbox 982 1180 1192 1262; x_wconf 76' lang='grc' dir='ltr'><strong><em>ὑπερδειπνεῖς</em></strong></span> <span class='ocrx_word' id='word_1_16' title='bbox 1213 1183 1294 1256; x_wconf 81' lang='grc' dir='ltr'><strong><em>ἴσως.</em></strong></span> 
     </span>
    </p>
   </div>
   <div class='ocr_carea' id='block_1_4' title="bbox 547 1310 1240 1478">
    <p class='ocr_par' dir='ltr' id='par_1_4' title="bbox 547 1310 1240 1478">
     <span class='ocr_line' id='line_1_7' title="bbox 547 1310 1240 1478; baseline 0.001 -21"><span class='ocrx_word' id='word_1_17' title='bbox 547 1395 691 1459; x_wconf 78' lang='grc' dir='ltr'><strong><em>πέπονθα</em></strong></span> <span class='ocrx_word' id='word_1_18' title='bbox 712 1396 769 1476; x_wconf 72' lang='grc' dir='ltr'><strong><em>τὴν</em></strong></span> <span class='ocrx_word' id='word_1_19' title='bbox 792 1310 1137 1478; x_wconf 49' lang='grc' dir='ltr'>ψυχήῖἶιοξοιιδίοκην</span> <span class='ocrx_word' id='word_1_20' title='bbox 1161 1394 1240 1478; x_wconf 80' lang='grc' dir='ltr'><strong><em>ὁρῶν</em></strong></span> 
     </span>
    </p>
   </div>
   <div class='ocr_carea' id='block_1_5' title="bbox 546 1505 1377 1591">
    <p class='ocr_par' dir='ltr' id='par_1_5' title="bbox 546 1505 1377 1591">
     <span class='ocr_line' id='line_1_8' title="bbox 546 1505 1377 1591; baseline 0.001 -20"><span class='ocrx_word' id='word_1_21' title='bbox 546 1509 812 1591; x_wconf 77' lang='grc' dir='ltr'><strong><em>ονντρεφομένην,</em></strong></span> <span class='ocrx_word' id='word_1_22' title='bbox 835 1509 968 1590; x_wconf 74' lang='grc' dir='ltr'><strong><em>ἄνοικον,</em></strong></span> <span class='ocrx_word' id='word_1_23' title='bbox 988 1506 1049 1572; x_wconf 81' lang='grc' dir='ltr'><strong><em>κατ’</em></strong></span> <span class='ocrx_word' id='word_1_24' title='bbox 1077 1510 1224 1590; x_wconf 78' lang='grc' dir='ltr'><strong><em>ἐμαυτόν,</em></strong></span> <span class='ocrx_word' id='word_1_25' title='bbox 1247 1505 1270 1572; x_wconf 79' lang='grc' dir='ltr'><strong>ὦ</strong></span> <span class='ocrx_word' id='word_1_26' title='bbox 1293 1510 1377 1572; x_wconf 63' lang='lat' dir='ltr'>stru.</span> 
     </span>
    </p>
   </div>
   <div class='ocr_carea' id='block_1_6' title="bbox 552 1641 1250 1990">
    <p class='ocr_par' dir='ltr' id='par_1_6' title="bbox 552 1641 1250 1990">
     <span class='ocr_line' id='line_1_9' title="bbox 859 1641 1008 1698; baseline -0.007 0"><span class='ocrx_word' id='word_1_27' title='bbox 859 1642 888 1698; x_wconf 92' lang='grc' dir='ltr'><strong><em>Γ</em></strong></span> <span class='ocrx_word' id='word_1_28' title='bbox 886 1641 1008 1698; x_wconf 83' lang='grc' dir='ltr'><em>ΕΤΑΣ.</em></span> 
     </span>
     <span class='ocr_line' id='line_1_10' title="bbox 552 1719 763 1805; baseline -0.005 -18"><span class='ocrx_word' id='word_1_29' title='bbox 552 1719 647 1805; x_wconf 81' lang='grc' dir='ltr'><strong><em>δούλη</em></strong></span> <span class='ocrx_word' id='word_1_30' title='bbox 671 1726 763 1802; x_wconf 59' lang='lat' dir='ltr'>{orlac</span> 
     </span>
     <span class='ocr_line' id='line_1_11' title="bbox 875 1819 998 1877; baseline -0.008 -1"><span class='ocrx_word' id='word_1_31' title='bbox 875 1819 998 1877; x_wconf 85' lang='grc' dir='ltr'><em>ΔΑΟΣ.</em></span> 
     </span>
     <span class='ocr_line' id='line_1_12' title="bbox 785 1902 1250 1990; baseline 0 -24"><span class='ocrx_word' id='word_1_32' title='bbox 785 1905 879 1979; x_wconf 76' lang='grc' dir='ltr'><strong><em>οὕτως</em></strong></span> <span class='ocrx_word' id='word_1_33' title='bbox 903 1902 1016 1990; x_wconf 76' lang='grc' dir='ltr'>ἡσυχῇ,</span> <span class='ocrx_word' id='word_1_34' title='bbox 1038 1907 1151 1988; x_wconf 79' lang='grc' dir='ltr'><strong><em>τρόπον</em></strong></span> <span class='ocrx_word' id='word_1_35' title='bbox 1174 1906 1250 1966; x_wconf 75' lang='grc' dir='ltr'><strong><em>τινά.</em></strong></span> 
     </span>
    </p>
   </div>
   <div class='ocr_carea' id='block_1_7' title="bbox 548 2010 1205 2100">
    <p class='ocr_par' dir='ltr' id='par_1_7' title="bbox 548 2010 1205 2100">
     <span class='ocr_line' id='line_1_13' title="bbox 548 2010 1205 2100; baseline 0.003 -22"><span class='ocrx_word' id='word_1_36' title='bbox 548 2017 664 2097; x_wconf 75' lang='grc' dir='ltr'><strong><em>ποιμὴν</em></strong></span> <span class='ocrx_word' id='word_1_37' title='bbox 687 2018 744 2100; x_wconf 79' lang='grc' dir='ltr'>γὰρ</span> <span class='ocrx_word' id='word_1_38' title='bbox 768 2010 806 2096; x_wconf 76' lang='grc' dir='ltr'><strong><em>ἦν</em></strong></span> <span class='ocrx_word' id='word_1_39' title='bbox 834 2019 953 2098; x_wconf 83' lang='grc' dir='ltr'><strong><em>Τίβειος</em></strong></span> <span class='ocrx_word' id='word_1_40' title='bbox 977 2020 1069 2081; x_wconf 85' lang='grc' dir='ltr'><strong><em>οἰκῶν</em></strong></span> <span class='ocrx_word' id='word_1_41' title='bbox 1093 2019 1205 2081; x_wconf 74' lang='grc' dir='ltr'><strong><em>ἐνθαδὶ</em></strong></span> 
     </span>
    </p>
   </div>
   <div class='ocr_carea' id='block_1_8' title="bbox 360 2161 1219 2380">
    <p class='ocr_par' dir='ltr' id='par_1_8' title="bbox 360 2161 1219 2380">
     <span class='ocr_line' id='line_1_14' title="bbox 360 2161 798 2221; baseline 0.002 -14"><span class='ocrx_word' id='word_1_42' title='bbox 360 2162 391 2208; x_wconf 99' lang='grc'>17</span> <span class='ocrx_word' id='word_1_43' title='bbox 410 2162 530 2220; x_wconf 86' lang='lat' dir='ltr'>sq.=fr.</span> <span class='ocrx_word' id='word_1_44' title='bbox 549 2175 614 2208; x_wconf 89' lang='lat' dir='ltr'>com.</span> <span class='ocrx_word' id='word_1_45' title='bbox 632 2161 722 2221; x_wconf 80' lang='lat' dir='ltr'>adesp.</span> <span class='ocrx_word' id='word_1_46' title='bbox 741 2163 798 2208; x_wconf 81' lang='lat'>444.</span> 
     </span>
     <span class='ocr_line' id='line_1_15' title="bbox 360 2238 1045 2305; baseline 0 -18"><span class='ocrx_word' id='word_1_47' title='bbox 360 2241 399 2287; x_wconf 88' lang='grc'>17.</span> <span class='ocrx_word' id='word_1_48' title='bbox 415 2238 494 2288; x_wconf 79' lang='lat' dir='ltr'>*Post</span> <span class='ocrx_word' id='word_1_49' title='bbox 511 2241 609 2305; x_wconf 77' lang='grc' dir='ltr'><strong><em>παρέχει</em></strong></span> <span class='ocrx_word' id='word_1_50' title='bbox 626 2239 721 2300; x_wconf 84' lang='lat' dir='ltr'>scripsi</span> <span class='ocrx_word' id='word_1_51' title='bbox 737 2241 839 2300; x_wconf 85' lang='lat' dir='ltr'>siguum</span> <span class='ocrx_word' id='word_1_52' title='bbox 859 2241 1045 2300; x_wconf 77' lang='lat' dir='ltr'>interrogandi.</span> 
     </span>
     <span class='ocr_line' id='line_1_16' title="bbox 360 2318 1219 2380; baseline 0 -16"><span class='ocrx_word' id='word_1_53' title='bbox 360 2319 390 2364; x_wconf 75' lang='lat'>21</span> <span class='ocrx_word' id='word_1_54' title='bbox 411 2332 449 2376; x_wconf 84' lang='lat' dir='ltr'>sq.</span> <span class='ocrx_word' id='word_1_55' title='bbox 464 2319 506 2364; x_wconf 82' lang='lat' dir='ltr'>Sic</span> <span class='ocrx_word' id='word_1_56' title='bbox 523 2320 686 2378; x_wconf 80' lang='lat' dir='ltr'>interpunxit</span> <span class='ocrx_word' id='word_1_57' title='bbox 702 2319 763 2372; x_wconf 88' lang='lat' dir='ltr'>Leo,</span> <span class='ocrx_word' id='word_1_58' title='bbox 782 2319 838 2365; x_wconf 81' lang='lat' dir='ltr'>Lei.</span> <span class='ocrx_word' id='word_1_59' title='bbox 857 2320 950 2374; x_wconf 70' lang='lat' dir='ltr'>lreadl,</span> <span class='ocrx_word' id='word_1_60' title='bbox 965 2318 969 2380; x_wconf 93' lang='grc' dir='ltr'>Ι</span> <span class='ocrx_word' id='word_1_61' title='bbox 986 2324 1030 2365; x_wconf 70' lang='lat' dir='ltr'>Ila.</span> <span class='ocrx_word' id='word_1_62' title='bbox 1047 2323 1152 2377; x_wconf 74' lang='grc' dir='ltr'><strong><em>γιγονώς,</em></strong></span> <span class='ocrx_word' id='word_1_63' title='bbox 1171 2322 1219 2366; x_wconf 90' lang='lat' dir='ltr'>cet.</span> 
     </span>
    </p>
   </div>
   <div class='ocr_carea' id='block_1_9' title="bbox 327 2438 1552 3346">
    <p class='ocr_par' dir='ltr' id='par_1_9' title="bbox 327 2438 1552 3346">
     <span class='ocr_line' id='line_1_17' title="bbox 369 2438 1549 2523; baseline 0.002 -28"><span class='ocrx_word' id='word_1_64' title='bbox 369 2442 405 2495; x_wconf 85' lang='grc'>16</span> <span class='ocrx_word' id='word_1_65' title='bbox 428 2456 472 2509; x_wconf 87' lang='lat' dir='ltr'>sq.</span> <span class='ocrx_word' id='word_1_66' title='bbox 498 2442 566 2496; x_wconf 87' lang='lat' dir='ltr'>Una</span> <span class='ocrx_word' id='word_1_67' title='bbox 589 2441 717 2497; x_wconf 79' lang='lat' dir='ltr'>choenix</span> <span class='ocrx_word' id='word_1_68' title='bbox 741 2444 778 2497; x_wconf 89' lang='lat' dir='ltr'>ad</span> <span class='ocrx_word' id='word_1_69' title='bbox 799 2442 913 2498; x_wconf 87' lang='lat' dir='ltr'>victum</span> <span class='ocrx_word' id='word_1_70' title='bbox 1005 2443 1051 2498; x_wconf 83' lang='lat'>18.</span> <span class='ocrx_word' id='word_1_71' title='bbox 1063 2444 1278 2511; x_wconf 86' lang='grc' dir='ltr'><strong><em>πέπονθά...τι]</em></strong></span> <span class='ocrx_word' id='word_1_72' title='bbox 1286 2444 1509 2523; x_wconf 80' lang='lat' dir='ltr'>perculsaosum</span> <span class='ocrx_word' id='word_1_73' title='bbox 1518 2438 1549 2507; x_wconf 75' lang='grc'>8).</span> 
     </span>
     <span class='ocr_line' id='line_1_18' title="bbox 327 2531 1549 2604; baseline 0.002 -17"><span class='ocrx_word' id='word_1_74' title='bbox 327 2533 535 2600; x_wconf 86' lang='lat' dir='ltr'>quotidianum</span> <span class='ocrx_word' id='word_1_75' title='bbox 553 2534 629 2589; x_wconf 87' lang='lat' dir='ltr'>satis</span> <span class='ocrx_word' id='word_1_76' title='bbox 643 2537 707 2590; x_wconf 88' lang='lat' dir='ltr'>erat</span> <span class='ocrx_word' id='word_1_77' title='bbox 718 2531 750 2604; x_wconf 83' lang='lat'>1),</span> <span class='ocrx_word' id='word_1_78' title='bbox 761 2536 820 2590; x_wconf 92' lang='lat' dir='ltr'>duo</span> <span class='ocrx_word' id='word_1_79' title='bbox 831 2537 914 2591; x_wconf 91' lang='lat' dir='ltr'>uber·</span> <span class='ocrx_word' id='word_1_80' title='bbox 963 2535 1183 2592; x_wconf 65' lang='lat' dir='ltr'>allocutiones</span> <span class='ocrx_word' id='word_1_81' title='bbox 1197 2535 1376 2592; x_wconf 78' lang='lat' dir='ltr'>notissimae</span> <span class='ocrx_word' id='word_1_82' title='bbox 1387 2537 1413 2590; x_wconf 82' lang='grc' dir='ltr'>τί</span> <span class='ocrx_word' id='word_1_83' title='bbox 1423 2539 1549 2602; x_wconf 86' lang='grc' dir='ltr'>πάσχεις;</span> 
     </span>
     <span class='ocr_line' id='line_1_19' title="bbox 328 2625 1550 2696; baseline 0.001 -16"><span class='ocrx_word' id='word_1_84' title='bbox 328 2625 414 2695; x_wconf 87' lang='lat' dir='ltr'>tatis,</span> <span class='ocrx_word' id='word_1_85' title='bbox 435 2626 503 2694; x_wconf 89' lang='lat' dir='ltr'>plus</span> <span class='ocrx_word' id='word_1_86' title='bbox 524 2626 686 2682; x_wconf 86' lang='lat' dir='ltr'>holuantis.</span> <span class='ocrx_word' id='word_1_87' title='bbox 703 2628 792 2683; x_wconf 89' lang='lat' dir='ltr'>Iocus</span> <span class='ocrx_word' id='word_1_88' title='bbox 810 2630 913 2683; x_wconf 87' lang='lat' dir='ltr'>autem</span> <span class='ocrx_word' id='word_1_89' title='bbox 963 2630 989 2683; x_wconf 78' lang='grc' dir='ltr'>τί</span> <span class='ocrx_word' id='word_1_90' title='bbox 1023 2631 1176 2694; x_wconf 83' lang='grc' dir='ltr'><strong><em>πέπονθας;</em></strong></span> <span class='ocrx_word' id='word_1_91' title='bbox 1212 2630 1238 2683; x_wconf 82' lang='grc' dir='ltr'>τί</span> <span class='ocrx_word' id='word_1_92' title='bbox 1268 2630 1411 2696; x_wconf 62' lang='lat' dir='ltr'>deluenda</span> <span class='ocrx_word' id='word_1_93' title='bbox 1443 2630 1469 2682; x_wconf 76' lang='grc' dir='ltr'>τ)</span> <span class='ocrx_word' id='word_1_94' title='bbox 1500 2647 1550 2682; x_wconf 86' lang='grc' dir='ltr'><strong><em>πο-</em></strong></span> 
     </span>
     <span class='ocr_line' id='line_1_20' title="bbox 328 2718 1142 2787; baseline 0.007 -16"><span class='ocrx_word' id='word_1_95' title='bbox 328 2718 415 2773; x_wconf 84' lang='lat' dir='ltr'>rediit</span> <span class='ocrx_word' id='word_1_96' title='bbox 435 2719 466 2773; x_wconf 91' lang='lat' dir='ltr'>in</span> <span class='ocrx_word' id='word_1_97' title='bbox 487 2719 544 2774; x_wconf 91' lang='lat' dir='ltr'>hoc</span> <span class='ocrx_word' id='word_1_98' title='bbox 560 2719 705 2787; x_wconf 84' lang='lat' dir='ltr'>colloquio</span> <span class='ocrx_word' id='word_1_99' title='bbox 726 2721 802 2775; x_wconf 87' lang='lat' dir='ltr'>circa</span> <span class='ocrx_word' id='word_1_100' title='bbox 822 2721 913 2777; x_wconf 86' lang='lat' dir='ltr'>tinem</span> <span class='ocrx_word' id='word_1_101' title='bbox 963 2723 1021 2776; x_wconf 87' lang='grc' dir='ltr'>θών</span> <span class='ocrx_word' id='word_1_102' title='bbox 1034 2765 1039 2775; x_wconf 94' lang='grc'><strong>.</strong></span> <span class='ocrx_word' id='word_1_103' title='bbox 1053 2765 1058 2775; x_wconf 94' lang='grc'>.</span> <span class='ocrx_word' id='word_1_104' title='bbox 1071 2740 1092 2784; x_wconf 88' lang='grc'>.;</span> <span class='ocrx_word' id='word_1_105' title='bbox 1110 2718 1142 2786; x_wconf 81' lang='grc'>9).</span> 
     </span>
     <span class='ocr_line' id='line_1_21' title="bbox 328 2810 1551 2882; baseline -0.001 -17"><span class='ocrx_word' id='word_1_106' title='bbox 328 2812 407 2866; x_wconf 87' lang='lat' dir='ltr'>teste</span> <span class='ocrx_word' id='word_1_107' title='bbox 432 2810 602 2878; x_wconf 83' lang='lat' dir='ltr'>fragmento</span> <span class='ocrx_word' id='word_1_108' title='bbox 630 2812 748 2868; x_wconf 86' lang='lat' dir='ltr'>aliunde</span> <span class='ocrx_word' id='word_1_109' title='bbox 777 2814 913 2882; x_wconf 78' lang='lat' dir='ltr'>cognito:</span> <span class='ocrx_word' id='word_1_110' title='bbox 1006 2813 1052 2868; x_wconf 89' lang='lat'>19.</span> <span class='ocrx_word' id='word_1_111' title='bbox 1085 2816 1148 2867; x_wconf 80' lang='grc' dir='ltr'>κατ’</span> <span class='ocrx_word' id='word_1_112' title='bbox 1179 2815 1310 2881; x_wconf 85' lang='grc' dir='ltr'><strong><em>ἐμαυτόν]</em></strong></span> <span class='ocrx_word' id='word_1_113' title='bbox 1344 2827 1450 2881; x_wconf 75' lang='lat' dir='ltr'>oppos,</span> <span class='ocrx_word' id='word_1_114' title='bbox 1482 2815 1551 2879; x_wconf 76' lang='grc' dir='ltr'><strong><em>ὑπὲρ</em></strong></span> 
     </span>
     <span class='ocr_line' id='line_1_22' title="bbox 329 2896 1352 2972; baseline 0.002 -16"><span class='ocrx_word' id='word_1_115' title='bbox 329 2905 386 2956; x_wconf 94' lang='grc' dir='ltr'>ΔΑ.</span> <span class='ocrx_word' id='word_1_116' title='bbox 405 2905 553 2958; x_wconf 79' lang='grc' dir='ltr'><strong><em>οὐπώποτ’</em></strong></span> <span class='ocrx_word' id='word_1_117' title='bbox 568 2906 700 2972; x_wconf 86' lang='grc' dir='ltr'>ἠράσθης,</span> <span class='ocrx_word' id='word_1_118' title='bbox 720 2908 800 2970; x_wconf 86' lang='grc' dir='ltr'>Γέτα;</span> <span class='ocrx_word' id='word_1_119' title='bbox 821 2908 863 2959; x_wconf 89' lang='grc' dir='ltr'>ΓΕ.</span> <span class='ocrx_word' id='word_1_120' title='bbox 881 2909 914 2959; x_wconf 85' lang='grc' dir='ltr'>οὐ</span> <span class='ocrx_word' id='word_1_121' title='bbox 965 2907 1086 2971; x_wconf 86' lang='grc' dir='ltr'><strong><em>ἐμαυτόν</em></strong></span> <span class='ocrx_word' id='word_1_122' title='bbox 1104 2900 1148 2969; x_wconf 86' lang='grc'>10).</span> <span class='ocrx_word' id='word_1_123' title='bbox 1343 2896 1352 2919; x_wconf 80' lang='lat'><strong>‘</strong></span> 
     </span>
     <span class='ocr_line' id='line_1_23' title="bbox 328 2994 1550 3068; baseline -0.002 -19"><span class='ocrx_word' id='word_1_124' title='bbox 328 2998 381 3063; x_wconf 87' lang='grc' dir='ltr'>γὰρ</span> <span class='ocrx_word' id='word_1_125' title='bbox 402 2998 574 3064; x_wconf 85' lang='grc' dir='ltr'>ἐνεπλήσθην</span> <span class='ocrx_word' id='word_1_126' title='bbox 592 2994 622 3062; x_wconf 84' lang='grc'>2).</span> <span class='ocrx_word' id='word_1_127' title='bbox 644 2998 768 3066; x_wconf 83' lang='lat' dir='ltr'>Tragica</span> <span class='ocrx_word' id='word_1_128' title='bbox 786 2998 915 3054; x_wconf 81' lang='lat' dir='ltr'>dictione</span> <span class='ocrx_word' id='word_1_129' title='bbox 1006 2997 1053 3051; x_wconf 80' lang='lat'>20.</span> <span class='ocrx_word' id='word_1_130' title='bbox 1076 2998 1166 3059; x_wconf 87' lang='grc' dir='ltr'><strong><em>οὕτως</em></strong></span> <span class='ocrx_word' id='word_1_131' title='bbox 1184 2997 1286 3064; x_wconf 80' lang='grc' dir='ltr'>ἡσυχῇ]</span> <span class='ocrx_word' id='word_1_132' title='bbox 1304 2995 1406 3050; x_wconf 84' lang='lat' dir='ltr'>idest:</span> <span class='ocrx_word' id='word_1_133' title='bbox 1427 2999 1462 3068; x_wconf 81' lang='grc' dir='ltr'>μή</span> <span class='ocrx_word' id='word_1_134' title='bbox 1475 2997 1550 3048; x_wconf 86' lang='grc' dir='ltr'><strong><em>οὕτω</em></strong></span> 
     </span>
     <span class='ocr_line' id='line_1_24' title="bbox 329 3088 1551 3157; baseline -0.003 -12"><span class='ocrx_word' id='word_1_135' title='bbox 329 3088 465 3145; x_wconf 85' lang='lat' dir='ltr'>ornatius</span> <span class='ocrx_word' id='word_1_136' title='bbox 486 3089 529 3144; x_wconf 93' lang='lat' dir='ltr'>sic</span> <span class='ocrx_word' id='word_1_137' title='bbox 552 3089 731 3145; x_wconf 85' lang='lat' dir='ltr'>efferebatur</span> <span class='ocrx_word' id='word_1_138' title='bbox 751 3091 807 3146; x_wconf 92' lang='lat' dir='ltr'>hoc</span> <span class='ocrx_word' id='word_1_139' title='bbox 828 3091 915 3146; x_wconf 85' lang='lat' dir='ltr'>dicte·</span> <span class='ocrx_word' id='word_1_140' title='bbox 966 3092 1077 3157; x_wconf 80' lang='grc' dir='ltr'>σφόδρα</span> <span class='ocrx_word' id='word_1_141' title='bbox 1106 3092 1150 3141; x_wconf 77' lang='grc' dir='ltr'>καὶ</span> <span class='ocrx_word' id='word_1_142' title='bbox 1177 3088 1299 3153; x_wconf 79' lang='grc' dir='ltr'><strong>ταχέως)</strong></span> <span class='ocrx_word' id='word_1_143' title='bbox 1324 3088 1373 3142; x_wconf 74' lang='lat' dir='ltr'>Eat</span> <span class='ocrx_word' id='word_1_144' title='bbox 1393 3102 1463 3141; x_wconf 80' lang='grc' dir='ltr'>οοιιο</span> <span class='ocrx_word' id='word_1_145' title='bbox 1484 3103 1551 3157; x_wconf 78' lang='grc' dir='ltr'><strong><em>ονο-</em></strong></span> 
     </span>
     <span class='ocr_line' id='line_1_25' title="bbox 328 3169 1552 3252; baseline 0 -18"><span class='ocrx_word' id='word_1_146' title='bbox 328 3181 422 3236; x_wconf 85' lang='lat' dir='ltr'>rium:</span> <span class='ocrx_word' id='word_1_147' title='bbox 454 3184 551 3250; x_wconf 76' lang='grc' dir='ltr'>πλήρει</span> <span class='ocrx_word' id='word_1_148' title='bbox 588 3185 642 3250; x_wconf 87' lang='grc' dir='ltr'>γὰρ</span> <span class='ocrx_word' id='word_1_149' title='bbox 680 3186 754 3252; x_wconf 78' lang='grc' dir='ltr'>ὄγκῳ</span> <span class='ocrx_word' id='word_1_150' title='bbox 795 3187 915 3251; x_wconf 84' lang='grc' dir='ltr'>γαστρὸς</span> <span class='ocrx_word' id='word_1_151' title='bbox 965 3169 1274 3250; x_wconf 64' lang='lat' dir='ltr'>aamceaasssrserv‘a,</span> <span class='ocrx_word' id='word_1_152' title='bbox 1291 3180 1450 3236; x_wconf 89' lang='lat' dir='ltr'>nonenim</span> <span class='ocrx_word' id='word_1_153' title='bbox 1470 3195 1552 3248; x_wconf 88' lang='lat' dir='ltr'>pror-</span> 
     </span>
     <span class='ocr_line' id='line_1_26' title="bbox 330 3271 1550 3346; baseline 0.001 -20"><span class='ocrx_word' id='word_1_154' title='bbox 330 3276 440 3328; x_wconf 78' lang='grc' dir='ltr'>αὔξεται</span> <span class='ocrx_word' id='word_1_155' title='bbox 469 3276 568 3341; x_wconf 82' lang='grc' dir='ltr'><strong><em>Κύπρις</em></strong></span> <span class='ocrx_word' id='word_1_156' title='bbox 588 3271 610 3340; x_wconf 75' lang='grc'>3)</span> <span class='ocrx_word' id='word_1_157' title='bbox 638 3278 684 3331; x_wconf 91' lang='lat' dir='ltr'>et:</span> <span class='ocrx_word' id='word_1_158' title='bbox 711 3279 740 3330; x_wconf 81' lang='grc' dir='ltr'><strong><em>ἐν</em></strong></span> <span class='ocrx_word' id='word_1_159' title='bbox 767 3282 913 3346; x_wconf 75' lang='grc' dir='ltr'><strong><em>πλησμονῇ</em></strong></span> <span class='ocrx_word' id='word_1_160' title='bbox 965 3289 1019 3330; x_wconf 86' lang='lat' dir='ltr'>sus</span> <span class='ocrx_word' id='word_1_161' title='bbox 1053 3275 1146 3329; x_wconf 86' lang='lat' dir='ltr'>libera</span> <span class='ocrx_word' id='word_1_162' title='bbox 1185 3271 1240 3328; x_wconf 89' lang='lat' dir='ltr'>dici</span> <span class='ocrx_word' id='word_1_163' title='bbox 1271 3275 1375 3341; x_wconf 87' lang='lat' dir='ltr'>potest</span> <span class='ocrx_word' id='word_1_164' title='bbox 1408 3288 1485 3341; x_wconf 89' lang='lat' dir='ltr'>quae</span> <span class='ocrx_word' id='word_1_165' title='bbox 1516 3275 1550 3328; x_wconf 85' lang='lat' dir='ltr'>ad</span> 
     </span>
    </p>
   </div>
   <div class='ocr_carea' id='block_1_10' title="bbox 225 3365 1553 3451">
    <p class='ocr_par' dir='ltr' id='par_1_10' title="bbox 225 3365 1553 3451">
     <span class='ocr_line' id='line_1_27' title="bbox 225 3365 1553 3451; baseline 0.002 -33"><span class='ocrx_word' id='word_1_166' title='bbox 225 3447 227 3451; x_wconf 23' lang='grc' dir='ltr'>Ι</span> <span class='ocrx_word' id='word_1_167' title='bbox 329 3384 372 3419; x_wconf 89' lang='grc' dir='ltr'>τοι</span> <span class='ocrx_word' id='word_1_168' title='bbox 394 3368 501 3433; x_wconf 85' lang='grc' dir='ltr'><strong><em>Κύπρις,</em></strong></span> <span class='ocrx_word' id='word_1_169' title='bbox 523 3370 553 3421; x_wconf 83' lang='grc' dir='ltr'><strong><em>ἐν</em></strong></span> <span class='ocrx_word' id='word_1_170' title='bbox 573 3370 703 3422; x_wconf 81' lang='grc' dir='ltr'><strong><em>πεινῶντί</em></strong></span> <span class='ocrx_word' id='word_1_171' title='bbox 724 3371 756 3422; x_wconf 76' lang='grc' dir='ltr'>δ’</span> <span class='ocrx_word' id='word_1_172' title='bbox 777 3371 809 3422; x_wconf 84' lang='grc' dir='ltr'>οὔ</span> <span class='ocrx_word' id='word_1_173' title='bbox 825 3365 857 3433; x_wconf 80' lang='grc'>4).</span> <span class='ocrx_word' id='word_1_174' title='bbox 878 3369 915 3423; x_wconf 78' lang='lat' dir='ltr'>at</span> <span class='ocrx_word' id='word_1_175' title='bbox 966 3366 1061 3436; x_wconf 87' lang='lat' dir='ltr'>patris</span> <span class='ocrx_word' id='word_1_176' title='bbox 1083 3367 1218 3422; x_wconf 89' lang='lat' dir='ltr'>debitum</span> <span class='ocrx_word' id='word_1_177' title='bbox 1239 3367 1418 3422; x_wconf 89' lang='lat' dir='ltr'>solvendum</span> <span class='ocrx_word' id='word_1_178' title='bbox 1443 3381 1553 3422; x_wconf 85' lang='lat' dir='ltr'>merce-</span> 
     </span>
    </p>
   </div>
   <div class='ocr_carea' id='block_1_11' title="bbox 328 3456 1554 4179">
    <p class='ocr_par' dir='ltr' id='par_1_11' title="bbox 329 3456 1554 3529">
     <span class='ocr_line' id='line_1_28' title="bbox 329 3456 1554 3529; baseline -0.001 -16"><span class='ocrx_word' id='word_1_179' title='bbox 329 3460 459 3526; x_wconf 78' lang='lat' dir='ltr'>cognato</span> <span class='ocrx_word' id='word_1_180' title='bbox 486 3459 550 3515; x_wconf 91' lang='lat' dir='ltr'>ioco</span> <span class='ocrx_word' id='word_1_181' title='bbox 577 3460 608 3515; x_wconf 91' lang='lat' dir='ltr'>in</span> <span class='ocrx_word' id='word_1_182' title='bbox 631 3456 784 3516; x_wconf 77' lang='lat' dir='ltr'>comoedia</span> <span class='ocrx_word' id='word_1_183' title='bbox 804 3461 916 3516; x_wconf 84' lang='lat' dir='ltr'>dictum</span> <span class='ocrx_word' id='word_1_184' title='bbox 965 3460 1080 3515; x_wconf 87' lang='lat' dir='ltr'>nariam</span> <span class='ocrx_word' id='word_1_185' title='bbox 1095 3458 1554 3529; x_wconf 77' lang='lat' dir='ltr'>operampraestetaliis,libera</span> 
     </span>
    </p>

    <p class='ocr_par' dir='ltr' id='par_1_12' title="bbox 330 3552 1551 3622">
     <span class='ocr_line' id='line_1_29' title="bbox 330 3552 1551 3622; baseline 0 -17"><span class='ocrx_word' id='word_1_186' title='bbox 330 3553 392 3605; x_wconf 88' lang='lat' dir='ltr'>est:</span> <span class='ocrx_word' id='word_1_187' title='bbox 422 3553 515 3619; x_wconf 85' lang='grc' dir='ltr'>ἔρωτα</span> <span class='ocrx_word' id='word_1_188' title='bbox 543 3555 599 3607; x_wconf 79' lang='grc' dir='ltr'>λύει</span> <span class='ocrx_word' id='word_1_189' title='bbox 630 3555 714 3620; x_wconf 76' lang='grc' dir='ltr'>λιμός,</span> <span class='ocrx_word' id='word_1_190' title='bbox 747 3555 780 3606; x_wconf 84' lang='grc' dir='ltr'><strong><em>ἂν</em></strong></span> <span class='ocrx_word' id='word_1_191' title='bbox 807 3557 838 3608; x_wconf 76' lang='grc' dir='ltr'>δέ</span> <span class='ocrx_word' id='word_1_192' title='bbox 870 3557 915 3622; x_wconf 81' lang='grc' dir='ltr'>μή,</span> <span class='ocrx_word' id='word_1_193' title='bbox 965 3554 1148 3609; x_wconf 80' lang='lat' dir='ltr'>tamenest</span> <span class='ocrx_word' id='word_1_194' title='bbox 1178 3555 1262 3608; x_wconf 82' lang='lat' dir='ltr'>nain.</span> <span class='ocrx_word' id='word_1_195' title='bbox 1300 3552 1439 3607; x_wconf 91' lang='lat' dir='ltr'>Libertus</span> <span class='ocrx_word' id='word_1_196' title='bbox 1471 3552 1551 3606; x_wconf 91' lang='lat' dir='ltr'>enim</span> 
     </span>
    </p>

    <p class='ocr_par' dir='ltr' id='par_1_13' title="bbox 331 3641 1553 3807">
     <span class='ocr_line' id='line_1_30' title="bbox 331 3641 1553 3714; baseline -0.009 -4"><span class='ocrx_word' id='word_1_197' title='bbox 331 3646 428 3710; x_wconf 73' lang='grc' dir='ltr'>βρόχος</span> <span class='ocrx_word' id='word_1_198' title='bbox 445 3641 476 3712; x_wconf 68' lang='lat' dir='ltr'>‘&#39;l-</span> <span class='ocrx_word' id='word_1_199' title='bbox 964 3647 1063 3702; x_wconf 86' lang='lat' dir='ltr'>iuerat</span> <span class='ocrx_word' id='word_1_200' title='bbox 1080 3645 1132 3713; x_wconf 82' lang='lat' dir='ltr'>qui</span> <span class='ocrx_word' id='word_1_201' title='bbox 1147 3645 1344 3714; x_wconf 83' lang='lat' dir='ltr'>gemellorum</span> <span class='ocrx_word' id='word_1_202' title='bbox 1362 3646 1447 3713; x_wconf 84' lang='lat' dir='ltr'>pater</span> <span class='ocrx_word' id='word_1_203' title='bbox 1464 3645 1553 3699; x_wconf 88' lang='lat' dir='ltr'>habe-</span> 
     </span>
     <span class='ocr_line' id='line_1_31' title="bbox 372 3737 1313 3807; baseline 0.002 -17"><span class='ocrx_word' id='word_1_204' title='bbox 372 3737 418 3792; x_wconf 89' lang='grc'>17.</span> <span class='ocrx_word' id='word_1_205' title='bbox 449 3740 586 3806; x_wconf 85' lang='grc' dir='ltr'><strong><em>πονηρόν]</em></strong></span> <span class='ocrx_word' id='word_1_206' title='bbox 624 3739 705 3794; x_wconf 83' lang='lat' dir='ltr'>mala</span> <span class='ocrx_word' id='word_1_207' title='bbox 737 3755 796 3807; x_wconf 78' lang='lat' dir='ltr'>res,</span> <span class='ocrx_word' id='word_1_208' title='bbox 829 3744 915 3797; x_wconf 78' lang='lat' dir='ltr'>crocet.</span> <span class='ocrx_word' id='word_1_209' title='bbox 966 3741 1054 3796; x_wconf 85' lang='lat' dir='ltr'>batur</span> <span class='ocrx_word' id='word_1_210' title='bbox 1076 3738 1177 3794; x_wconf 86' lang='lat' dir='ltr'>Tibius</span> <span class='ocrx_word' id='word_1_211' title='bbox 1199 3740 1313 3807; x_wconf 86' lang='lat' dir='ltr'>pastor.</span> 
     </span>
    </p>

    <p class='ocr_par' dir='ltr' id='par_1_14' title="bbox 328 3829 1552 3992">
     <span class='ocr_line' id='line_1_32' title="bbox 328 3829 1552 3900; baseline 0 -17"><span class='ocrx_word' id='word_1_212' title='bbox 328 3829 407 3884; x_wconf 85' lang='lat' dir='ltr'>Item</span> <span class='ocrx_word' id='word_1_213' title='bbox 429 3830 510 3885; x_wconf 87' lang='lat' dir='ltr'>alibi:</span> <span class='ocrx_word' id='word_1_214' title='bbox 532 3834 666 3899; x_wconf 76' lang='grc' dir='ltr'><strong><em>πονηρόν,</em></strong></span> <span class='ocrx_word' id='word_1_215' title='bbox 689 3835 763 3887; x_wconf 77' lang='grc' dir='ltr'>ἄθλιε</span> <span class='ocrx_word' id='word_1_216' title='bbox 788 3830 818 3898; x_wconf 78' lang='grc'>6).</span> <span class='ocrx_word' id='word_1_217' title='bbox 1006 3834 1053 3888; x_wconf 79' lang='lat'>21.</span> <span class='ocrx_word' id='word_1_218' title='bbox 1071 3834 1186 3900; x_wconf 71' lang='grc' dir='ltr'>Τίβειος]</span> <span class='ocrx_word' id='word_1_219' title='bbox 1205 3846 1316 3886; x_wconf 91' lang='lat' dir='ltr'>nomen</span> <span class='ocrx_word' id='word_1_220' title='bbox 1334 3829 1455 3900; x_wconf 89' lang='lat' dir='ltr'>servile,</span> <span class='ocrx_word' id='word_1_221' title='bbox 1473 3829 1552 3883; x_wconf 89' lang='lat' dir='ltr'>idem</span> 
     </span>
     <span class='ocr_line' id='line_1_33' title="bbox 376 3923 1552 3992; baseline 0 -16"><span class='ocrx_word' id='word_1_222' title='bbox 376 3954 403 3961; x_wconf 92' lang='lat'><em>-</em></span> <span class='ocrx_word' id='word_1_223' title='bbox 430 3926 627 3992; x_wconf 76' lang='grc' dir='ltr'>ὑπεροειπνεῑς]</span> <span class='ocrx_word' id='word_1_224' title='bbox 659 3940 719 3980; x_wconf 92' lang='lat' dir='ltr'>non</span> <span class='ocrx_word' id='word_1_225' title='bbox 748 3926 826 3986; x_wconf 88' lang='lat' dir='ltr'>male</span> <span class='ocrx_word' id='word_1_226' title='bbox 854 3928 915 3981; x_wconf 86' lang='lat' dir='ltr'>red·</span> <span class='ocrx_word' id='word_1_227' title='bbox 964 3925 1026 3981; x_wconf 86' lang='lat' dir='ltr'>iere</span> <span class='ocrx_word' id='word_1_228' title='bbox 1050 3926 1155 3981; x_wconf 86' lang='lat' dir='ltr'>valens</span> <span class='ocrx_word' id='word_1_229' title='bbox 1177 3925 1255 3992; x_wconf 86' lang='lat' dir='ltr'>quod</span> <span class='ocrx_word' id='word_1_230' title='bbox 1277 3926 1361 3991; x_wconf 80' lang='grc' dir='ltr'>Φρύξ,</span> <span class='ocrx_word' id='word_1_231' title='bbox 1381 3938 1453 3978; x_wconf 87' lang='lat' dir='ltr'>nam</span> <span class='ocrx_word' id='word_1_232' title='bbox 1474 3923 1552 3988; x_wconf 85' lang='grc' dir='ltr'>Τιβία</span> 
     </span>
    </p>

    <p class='ocr_par' dir='ltr' id='par_1_15' title="bbox 330 4015 1552 4087">
     <span class='ocr_line' id='line_1_34' title="bbox 330 4015 1552 4087; baseline -0.001 -17"><span class='ocrx_word' id='word_1_233' title='bbox 330 4017 410 4072; x_wconf 85' lang='lat' dir='ltr'>ditur</span> <span class='ocrx_word' id='word_1_234' title='bbox 436 4018 526 4071; x_wconf 91' lang='lat' dir='ltr'>verbo</span> <span class='ocrx_word' id='word_1_235' title='bbox 554 4019 735 4086; x_wconf 84' lang='grc' dir='ltr'><strong><em>ὑπερτροφᾱν</em></strong></span> <span class='ocrx_word' id='word_1_236' title='bbox 759 4020 837 4087; x_wconf 86' lang='lat' dir='ltr'>apud</span> <span class='ocrx_word' id='word_1_237' title='bbox 860 4018 915 4074; x_wconf 92' lang='lat' dir='ltr'>He·</span> <span class='ocrx_word' id='word_1_238' title='bbox 965 4019 1019 4073; x_wconf 90' lang='lat' dir='ltr'>aut</span> <span class='ocrx_word' id='word_1_239' title='bbox 1046 4019 1113 4073; x_wconf 83' lang='lat' dir='ltr'>tota</span> <span class='ocrx_word' id='word_1_240' title='bbox 1140 4018 1273 4086; x_wconf 84' lang='lat' dir='ltr'>Phrygia</span> <span class='ocrx_word' id='word_1_241' title='bbox 1300 4018 1354 4071; x_wconf 87' lang='lat' dir='ltr'>aut</span> <span class='ocrx_word' id='word_1_242' title='bbox 1384 4030 1454 4084; x_wconf 84' lang='lat' dir='ltr'>pars</span> <span class='ocrx_word' id='word_1_243' title='bbox 1487 4015 1552 4069; x_wconf 88' lang='lat' dir='ltr'>eius</span> 
     </span>
    </p>

    <p class='ocr_par' dir='ltr' id='par_1_16' title="bbox 330 4104 1334 4179">
     <span class='ocr_line' id='line_1_35' title="bbox 330 4104 1334 4179; baseline 0 -16"><span class='ocrx_word' id='word_1_244' title='bbox 330 4109 470 4177; x_wconf 89' lang='lat' dir='ltr'>sychium</span> <span class='ocrx_word' id='word_1_245' title='bbox 490 4105 522 4173; x_wconf 88' lang='grc'>7).</span> <span class='ocrx_word' id='word_1_246' title='bbox 965 4111 1098 4179; x_wconf 82' lang='lat' dir='ltr'>regionis</span> <span class='ocrx_word' id='word_1_247' title='bbox 1119 4111 1271 4165; x_wconf 82' lang='lat' dir='ltr'>dicebatur</span> <span class='ocrx_word' id='word_1_248' title='bbox 1288 4104 1334 4173; x_wconf 79' lang='grc'>12).</span> 
     </span>
    </p>
   </div>
   <div class='ocr_carea' id='block_1_12' title="bbox 331 4282 1553 4755">
    <p class='ocr_par' dir='ltr' id='par_1_17' title="bbox 331 4282 1553 4755">
     <span class='ocr_line' id='line_1_36' title="bbox 366 4282 1553 4350; baseline -0.003 -18"><span class='ocrx_word' id='word_1_249' title='bbox 366 4283 385 4346; x_wconf 92' lang='lat'>¹)</span> <span class='ocrx_word' id='word_1_250' title='bbox 403 4287 441 4333; x_wconf 86' lang='lat' dir='ltr'>cf.</span> <span class='ocrx_word' id='word_1_251' title='bbox 460 4288 502 4333; x_wconf 81' lang='lat' dir='ltr'>Ar.</span> <span class='ocrx_word' id='word_1_252' title='bbox 521 4288 597 4346; x_wconf 86' lang='lat' dir='ltr'>Vesp.</span> <span class='ocrx_word' id='word_1_253' title='bbox 621 4289 678 4334; x_wconf 77' lang='lat'>440.</span> <span class='ocrx_word' id='word_1_254' title='bbox 701 4314 732 4321; x_wconf 95' lang='lat'>—</span> <span class='ocrx_word' id='word_1_255' title='bbox 756 4285 866 4347; x_wconf 76' lang='lat' dir='ltr'>²J1nira</span> <span class='ocrx_word' id='word_1_256' title='bbox 888 4289 949 4336; x_wconf 86' lang='lat' dir='ltr'>Her.</span> <span class='ocrx_word' id='word_1_257' title='bbox 973 4290 1005 4337; x_wconf 85' lang='lat' dir='ltr'>ir.</span> <span class='ocrx_word' id='word_1_258' title='bbox 1025 4292 1037 4335; x_wconf 92' lang='lat'>1</span> <span class='ocrx_word' id='word_1_259' title='bbox 1056 4284 1176 4350; x_wconf 83' lang='lat' dir='ltr'>(=Men.</span> <span class='ocrx_word' id='word_1_260' title='bbox 1194 4288 1262 4342; x_wconf 73' lang='lat'>345).</span> <span class='ocrx_word' id='word_1_261' title='bbox 1279 4311 1312 4319; x_wconf 91' lang='lat'>—</span> <span class='ocrx_word' id='word_1_262' title='bbox 1330 4282 1348 4343; x_wconf 72' lang='grc'>3)</span> <span class='ocrx_word' id='word_1_263' title='bbox 1368 4288 1443 4343; x_wconf 81' lang='lat' dir='ltr'>Trag.</span> <span class='ocrx_word' id='word_1_264' title='bbox 1462 4285 1553 4342; x_wconf 89' lang='lat' dir='ltr'>adosp.</span> 
     </span>
     <span class='ocr_line' id='line_1_37' title="bbox 332 4350 1553 4416; baseline -0.001 -18"><span class='ocrx_word' id='word_1_265' title='bbox 332 4354 362 4400; x_wconf 84' lang='lat' dir='ltr'>fr.</span> <span class='ocrx_word' id='word_1_266' title='bbox 383 4356 430 4401; x_wconf 84' lang='lat'>150</span> <span class='ocrx_word' id='word_1_267' title='bbox 454 4355 551 4402; x_wconf 85' lang='lat' dir='ltr'>Nauck.</span> <span class='ocrx_word' id='word_1_268' title='bbox 570 4381 600 4388; x_wconf 95' lang='lat'><em>-</em></span> <span class='ocrx_word' id='word_1_269' title='bbox 618 4352 640 4416; x_wconf 75' lang='grc'>4)</span> <span class='ocrx_word' id='word_1_270' title='bbox 662 4355 724 4401; x_wconf 83' lang='lat' dir='ltr'>Eur.</span> <span class='ocrx_word' id='word_1_271' title='bbox 747 4357 778 4402; x_wconf 86' lang='lat' dir='ltr'>fr.</span> <span class='ocrx_word' id='word_1_272' title='bbox 803 4358 859 4404; x_wconf 87' lang='grc'><strong>887.</strong></span> <span class='ocrx_word' id='word_1_273' title='bbox 875 4381 908 4391; x_wconf 93' lang='grc'>-</span> <span class='ocrx_word' id='word_1_274' title='bbox 925 4353 945 4415; x_wconf 83' lang='lat'>⁶)</span> <span class='ocrx_word' id='word_1_275' title='bbox 964 4357 1035 4404; x_wconf 77' lang='lat' dir='ltr'>Gom.</span> <span class='ocrx_word' id='word_1_276' title='bbox 1059 4355 1148 4416; x_wconf 88' lang='lat' dir='ltr'>adesp.</span> <span class='ocrx_word' id='word_1_277' title='bbox 1173 4355 1204 4400; x_wconf 79' lang='lat' dir='ltr'>tr.</span> <span class='ocrx_word' id='word_1_278' title='bbox 1229 4356 1277 4400; x_wconf 71' lang='lat'>238</span> <span class='ocrx_word' id='word_1_279' title='bbox 1302 4350 1346 4416; x_wconf 85' lang='lat'>(=</span> <span class='ocrx_word' id='word_1_280' title='bbox 1357 4354 1470 4400; x_wconf 83' lang='lat' dir='ltr'>Cratetis</span> <span class='ocrx_word' id='word_1_281' title='bbox 1489 4353 1553 4409; x_wconf 85' lang='lat' dir='ltr'>eleg.</span> 
     </span>
     <span class='ocr_line' id='line_1_38' title="bbox 331 4418 1553 4485; baseline -0.002 -18"><span class='ocrx_word' id='word_1_282' title='bbox 331 4421 362 4467; x_wconf 85' lang='lat' dir='ltr'>tr.</span> <span class='ocrx_word' id='word_1_283' title='bbox 386 4423 417 4469; x_wconf 94' lang='grc'>17</span> <span class='ocrx_word' id='word_1_284' title='bbox 440 4419 466 4468; x_wconf 94' lang='lat' dir='ltr'>in</span> <span class='ocrx_word' id='word_1_285' title='bbox 489 4423 594 4470; x_wconf 86' lang='lat' dir='ltr'>brevius</span> <span class='ocrx_word' id='word_1_286' title='bbox 620 4422 764 4484; x_wconf 88' lang='lat' dir='ltr'>contract.).</span> <span class='ocrx_word' id='word_1_287' title='bbox 788 4450 821 4458; x_wconf 93' lang='lat'>—</span> <span class='ocrx_word' id='word_1_288' title='bbox 843 4421 864 4485; x_wconf 69' lang='grc'>6)</span> <span class='ocrx_word' id='word_1_289' title='bbox 889 4424 1012 4471; x_wconf 81' lang='lat' dir='ltr'>Oircumt.</span> <span class='ocrx_word' id='word_1_290' title='bbox 1036 4425 1092 4471; x_wconf 82' lang='lat'>200.</span> <span class='ocrx_word' id='word_1_291' title='bbox 1110 4449 1142 4457; x_wconf 92' lang='lat'><strong>—</strong></span> <span class='ocrx_word' id='word_1_292' title='bbox 1160 4418 1180 4480; x_wconf 86' lang='lat'>⁷)</span> <span class='ocrx_word' id='word_1_293' title='bbox 1204 4422 1255 4468; x_wconf 81' lang='lat' dir='ltr'>Sed</span> <span class='ocrx_word' id='word_1_294' title='bbox 1276 4434 1307 4467; x_wconf 81' lang='lat' dir='ltr'>ex</span> <span class='ocrx_word' id='word_1_295' title='bbox 1329 4435 1387 4468; x_wconf 84' lang='lat' dir='ltr'>asse</span> <span class='ocrx_word' id='word_1_296' title='bbox 1411 4421 1553 4481; x_wconf 85' lang='lat' dir='ltr'>respondet</span> 
     </span>
     <span class='ocr_line' id='line_1_39' title="bbox 331 4487 1552 4551; baseline -0.002 -16"><span class='ocrx_word' id='word_1_297' title='bbox 331 4490 486 4537; x_wconf 78' lang='lat' dir='ltr'>nostratium</span> <span class='ocrx_word' id='word_1_298' title='bbox 505 4492 613 4538; x_wconf 85' lang='lat' dir='ltr'>verbum</span> <span class='ocrx_word' id='word_1_299' title='bbox 631 4489 683 4537; x_wconf 78' lang='grc' dir='ltr'>πἰΙι</span> <span class='ocrx_word' id='word_1_300' title='bbox 700 4493 818 4547; x_wconf 82' lang='lat' dir='ltr'>ocerelen,</span> <span class='ocrx_word' id='word_1_301' title='bbox 835 4505 915 4550; x_wconf 81' lang='lat' dir='ltr'>germ.</span> <span class='ocrx_word' id='word_1_302' title='bbox 932 4491 984 4538; x_wconf 74' lang='lat' dir='ltr'>sich</span> <span class='ocrx_word' id='word_1_303' title='bbox 1001 4489 1163 4537; x_wconf 74' lang='lat' dir='ltr'>dhernebmen.</span> <span class='ocrx_word' id='word_1_304' title='bbox 1182 4514 1211 4522; x_wconf 94' lang='lat'>—</span> <span class='ocrx_word' id='word_1_305' title='bbox 1231 4487 1252 4551; x_wconf 79' lang='grc'>8)</span> <span class='ocrx_word' id='word_1_306' title='bbox 1268 4490 1335 4536; x_wconf 89' lang='lat' dir='ltr'>Item</span> <span class='ocrx_word' id='word_1_307' title='bbox 1351 4490 1475 4537; x_wconf 86' lang='lat' dir='ltr'>Oircumt.</span> <span class='ocrx_word' id='word_1_308' title='bbox 1491 4490 1552 4542; x_wconf 79' lang='lat'>3043</span> 
     </span>
     <span class='ocr_line' id='line_1_40' title="bbox 332 4553 1553 4623; baseline -0.004 -20"><span class='ocrx_word' id='word_1_309' title='bbox 332 4571 390 4604; x_wconf 88' lang='lat' dir='ltr'>nos:</span> <span class='ocrx_word' id='word_1_310' title='bbox 415 4557 441 4604; x_wconf 79' lang='lat' dir='ltr'>ilc</span> <span class='ocrx_word' id='word_1_311' title='bbox 458 4558 500 4605; x_wconf 83' lang='lat' dir='ltr'>ben</span> <span class='ocrx_word' id='word_1_312' title='bbox 513 4559 644 4622; x_wconf 67' lang='lat' dir='ltr'>yetroffen,</span> <span class='ocrx_word' id='word_1_313' title='bbox 658 4559 719 4616; x_wconf 80' lang='lat' dir='ltr'>gall.</span> <span class='ocrx_word' id='word_1_314' title='bbox 732 4557 763 4619; x_wconf 83' lang='lat' dir='ltr'>je</span> <span class='ocrx_word' id='word_1_315' title='bbox 778 4558 829 4606; x_wconf 75' lang='grc' dir='ltr'>ινὶι</span> <span class='ocrx_word' id='word_1_316' title='bbox 839 4556 943 4623; x_wconf 71' lang='lat' dir='ltr'>frappei.</span> <span class='ocrx_word' id='word_1_317' title='bbox 962 4585 991 4592; x_wconf 91' lang='lat'><em>-</em></span> <span class='ocrx_word' id='word_1_318' title='bbox 1010 4555 1029 4615; x_wconf 63' lang='grc' dir='ltr'>ο)</span> <span class='ocrx_word' id='word_1_319' title='bbox 1047 4558 1085 4605; x_wconf 78' lang='lat' dir='ltr'>Ad</span> <span class='ocrx_word' id='word_1_320' title='bbox 1103 4560 1144 4604; x_wconf 83' lang='lat' dir='ltr'>Ar.</span> <span class='ocrx_word' id='word_1_321' title='bbox 1163 4556 1230 4603; x_wconf 90' lang='lat' dir='ltr'>Nub.</span> <span class='ocrx_word' id='word_1_322' title='bbox 1249 4559 1305 4604; x_wconf 79' lang='lat'>340.</span> <span class='ocrx_word' id='word_1_323' title='bbox 1327 4583 1354 4591; x_wconf 93' lang='lat'>-</span> <span class='ocrx_word' id='word_1_324' title='bbox 1376 4553 1406 4615; x_wconf 88' lang='lat' dir='ltr'>l⁰)</span> <span class='ocrx_word' id='word_1_325' title='bbox 1426 4559 1463 4604; x_wconf 84' lang='lat' dir='ltr'>Ol.</span> <span class='ocrx_word' id='word_1_326' title='bbox 1483 4554 1553 4601; x_wconf 89' lang='lat' dir='ltr'>Disc.</span> 
     </span>
     <span class='ocr_line' id='line_1_41' title="bbox 333 4621 1552 4686; baseline -0.003 -15"><span class='ocrx_word' id='word_1_327' title='bbox 333 4627 389 4671; x_wconf 81' lang='lat'>104.</span> <span class='ocrx_word' id='word_1_328' title='bbox 416 4652 447 4658; x_wconf 92' lang='lat'>—</span> <span class='ocrx_word' id='word_1_329' title='bbox 463 4621 506 4685; x_wconf 60' lang='grc' dir='ltr'>Ἡ)</span> <span class='ocrx_word' id='word_1_330' title='bbox 524 4627 562 4674; x_wconf 84' lang='lat' dir='ltr'>of.</span> <span class='ocrx_word' id='word_1_331' title='bbox 587 4627 709 4674; x_wconf 83' lang='lat' dir='ltr'>Oircumt.</span> <span class='ocrx_word' id='word_1_332' title='bbox 734 4628 774 4672; x_wconf 85' lang='grc'>63.</span> <span class='ocrx_word' id='word_1_333' title='bbox 793 4653 823 4661; x_wconf 93' lang='grc'>-</span> <span class='ocrx_word' id='word_1_334' title='bbox 844 4622 875 4686; x_wconf 83' lang='lat'>¹²)</span> <span class='ocrx_word' id='word_1_335' title='bbox 893 4627 982 4686; x_wconf 83' lang='lat' dir='ltr'>Steph.</span> <span class='ocrx_word' id='word_1_336' title='bbox 1005 4626 1065 4685; x_wconf 80' lang='lat' dir='ltr'>Byz.</span> <span class='ocrx_word' id='word_1_337' title='bbox 1091 4630 1117 4672; x_wconf 84' lang='lat' dir='ltr'>et</span> <span class='ocrx_word' id='word_1_338' title='bbox 1140 4625 1211 4671; x_wconf 82' lang='lat' dir='ltr'>Suid.</span> <span class='ocrx_word' id='word_1_339' title='bbox 1236 4638 1256 4670; x_wconf 90' lang='lat' dir='ltr'>s.</span> <span class='ocrx_word' id='word_1_340' title='bbox 1274 4638 1307 4686; x_wconf 71' lang='lat' dir='ltr'>a,</span> <span class='ocrx_word' id='word_1_341' title='bbox 1328 4626 1443 4673; x_wconf 84' lang='lat' dir='ltr'>Leucon.</span> <span class='ocrx_word' id='word_1_342' title='bbox 1468 4626 1499 4670; x_wconf 82' lang='lat' dir='ltr'>fr.</span> <span class='ocrx_word' id='word_1_343' title='bbox 1524 4625 1552 4677; x_wconf 81' lang='lat'>33</span> 
     </span>
     <span class='ocr_line' id='line_1_42' title="bbox 331 4693 1309 4755; baseline -0.001 -14"><span class='ocrx_word' id='word_1_344' title='bbox 331 4693 465 4741; x_wconf 80' lang='lat' dir='ltr'>Menandri</span> <span class='ocrx_word' id='word_1_345' title='bbox 483 4694 513 4740; x_wconf 85' lang='lat' dir='ltr'>ir.</span> <span class='ocrx_word' id='word_1_346' title='bbox 533 4695 597 4742; x_wconf 82' lang='grc'><strong>1075</strong></span> <span class='ocrx_word' id='word_1_347' title='bbox 616 4693 648 4742; x_wconf 83' lang='lat' dir='ltr'>ad</span> <span class='ocrx_word' id='word_1_348' title='bbox 665 4697 780 4742; x_wconf 85' lang='lat' dir='ltr'>nostram</span> <span class='ocrx_word' id='word_1_349' title='bbox 799 4694 916 4742; x_wconf 83' lang='lat' dir='ltr'>tabulam</span> <span class='ocrx_word' id='word_1_350' title='bbox 932 4693 1098 4742; x_wconf 85' lang='lat' dir='ltr'>referendum</span> <span class='ocrx_word' id='word_1_351' title='bbox 1115 4706 1173 4740; x_wconf 86' lang='lat' dir='ltr'>esse</span> <span class='ocrx_word' id='word_1_352' title='bbox 1191 4695 1309 4755; x_wconf 83' lang='lat' dir='ltr'>apparet.</span> 
     </span>
    </p>
   </div>
   <div class='ocr_carea' id='block_1_13' title="bbox 0 0 1888 5492">
    <p class='ocr_par' dir='ltr' id='par_1_18' title="bbox 0 0 1888 5492">
     <span class='ocr_line' id='line_1_43' title="bbox 0 0 1888 5492; baseline 0 0"><span class='ocrx_word' id='word_1_353' title='bbox 0 0 1888 5492; x_wconf 95' lang='lat' dir='ltr'> </span> 
     </span>
    </p>
   </div>
  </div>
 </body>
</html>
