3750 5492
364 633 424 690 118
913 645 1027 688 sunm.

358 819 489 878 facinus
518 816 617 894 celat,
651 832 717 878 non
747 817 891 878 ostendit
922 831 960 876 se
983 815 1192 891 perspexisse
1215 816 1380 892 fraudem,
1404 817 1462 876 sed
1486 832 1588 878 causa

358 932 537 993 interserta
570 931 766 1006 Chrysidem
802 947 877 992 cum
912 931 1039 990 infante
1074 945 1116 990 ex
1150 930 1286 991 aedibus
1320 929 1427 1007 pellit,
1460 947 1543 1004 quae
1566 948 1588 992 a

359 1047 511 1108 Nicerato
529 1046 668 1107 comiter
687 1045 853 1121 recipitur.
874 1045 950 1105 Mox
970 1060 1084 1105 verum
1105 1043 1230 1105 Demea
1244 1044 1585 1123 disciteMoschione,

360 1160 434 1220 dein
468 1177 544 1221 cum
579 1162 732 1221 Nicerato
768 1159 1001 1221 confabulatus
1037 1161 1166 1234 partem
1198 1159 1268 1219 veri
1299 1159 1375 1220 huic
1404 1160 1494 1221 dicit.
1525 1159 1587 1236 Qui

359 1275 471 1335 audito
494 1291 591 1335 suam
614 1275 720 1350 ipsius
742 1273 845 1335 flliam
868 1273 964 1334 ilium
983 1274 1146 1334 infantem
1164 1274 1345 1350 peperisse,
1365 1274 1480 1335 vivum
1500 1290 1587 1335 com·

359 1389 474 1449 burere
498 1389 570 1450 vult
593 1389 762 1450 dedecoris
785 1389 917 1465 pignus,
942 1389 1023 1449 furit
1045 1388 1078 1448 in
1105 1386 1224 1464 filiam,
1248 1389 1282 1447 in
1305 1403 1460 1464 uxorem,
1485 1387 1586 1463 Ohry-

358 1504 465 1562 sidem
485 1504 704 1578 persequitur.
724 1503 849 1563 Demea
866 1505 979 1563 autem
999 1517 1132 1577 operam
1151 1502 1208 1562 dat
1224 1504 1260 1562 ut
1272 1501 1417 1562 Nicerati
1429 1503 1587 1563 rusticius

357 1617 555 1677 insanientis
572 1618 665 1678 sedet
682 1616 849 1677 animum:
869 1617 1003 1692 nuptias
1022 1631 1098 1677 cum
1118 1616 1284 1690 Plangone
1301 1616 1463 1677 initurum
1473 1624 1588 1677 tamen

358 1732 581 1792 Moschionem
605 1732 786 1791 asseverat.
812 1730 874 1791 Hic
895 1729 995 1790 tinem
1020 1730 1121 1790 habet
1143 1730 1369 1804 fragmentum
1393 1731 1587 1792 secundum.

403 1846 557 1920 Sequitur
586 1829 698 1906 minus
729 1846 895 1920 amplum;
926 1845 1013 1905 unde
1044 1845 1204 1905 discimus
1234 1844 1472 1921 Moschionem,
1500 1848 1587 1920 post·

358 1976 459 2034 quam
495 1962 680 2035 composita
713 1962 791 2020 sunt
821 1959 948 2034 omnia,
981 1960 1088 2034 primo
1119 1958 1252 2032 quidem
1283 1973 1481 2033 magnopere
1512 1974 1587 2019 esse

358 2075 535 2151 laetatum,
570 2075 628 2134 sed
662 2090 742 2135 mox
776 2074 940 2149 indignari
976 2073 1135 2148 coepisse.
1171 2072 1263 2133 Talia
1296 2072 1425 2134 scilicet
1457 2075 1587 2148 patrem

359 2189 398 2249 de
432 2205 467 2250 se
502 2188 664 2264 suspicari
697 2189 845 2264 potuisse
880 2188 1132 2262 aliquantisper!
1170 2188 1290 2247 Senem
1322 2186 1440 2248 ulcisci
1473 2202 1586 2247 secum

358 2304 519 2365 deeernit:
551 2303 638 2365 dicet
666 2303 798 2363 taedere
828 2303 895 2362 iam
927 2302 1134 2378 nuptiarum,
1160 2302 1194 2362 in
1216 2301 1413 2376 longinquus
1435 2301 1588 2375 regiones

265 2432 268 2439 ’
358 2433 395 2478 se
425 2417 607 2493 abiturum,
640 2418 694 2478 ubi
724 2419 864 2491 militet;
895 2417 983 2478 nolle
1014 2417 1116 2477 etiam
1148 2417 1347 2478 commorari
1376 2416 1462 2476 inter
1492 2431 1589 2499 suos,

358 2531 478 2604 quibus
507 2534 577 2592 tam
610 2533 772 2593 scelestus
798 2532 1014 2607 impurusque
1038 2533 1138 2592 homo
1162 2531 1207 2591 sit
1230 2531 1334 2591 visus.
1358 2530 1490 2591 Patrem
1513 2534 1587 2593 tum

358 2646 509 2721 precibus
532 2663 567 2707 se
591 2647 760 2706 aditurum
783 2646 859 2723 scit,
884 2647 1013 2707 exorari
1035 2647 1171 2707 tandem
1195 2659 1232 2705 se
1254 2659 1414 2721 passurus
1437 2647 1503 2722 est,
1527 2661 1589 2708 nec

357 2760 453 2820 facile
476 2760 550 2820 dein
573 2776 677 2821 senex
700 2763 770 2820 tam
794 2760 905 2833 inique
929 2761 968 2820 de
992 2775 1028 2820 se
1051 2760 1209 2821 iudicabit
1232 2759 1365 2820 iterum.

403 2875 465 2936 Hic
495 2873 604 2935 deficit
633 2875 858 2949 fragmentum
882 2874 1019 2934 tertium
1042 2875 1113 2935 sive
1136 2874 1305 2938 ultimum.
1329 2874 1445 2935 Finem
1468 2874 1587 2937 iecisse

358 2990 491 3063 nuptias
513 2989 711 3050 Moschionis
735 3003 810 3050 cum
835 2989 1002 3063 Plangone
1025 3004 1081 3064 per
1104 3004 1140 3049 se
1159 2989 1372 3064 intellegitur.
1392 2988 1587 3064 Chrysidem

358 3106 485 3179 autem,
517 3105 663 3178 optimae
694 3102 815 3164 indolis
845 3103 991 3178 puellam
1023 3103 1185 3179 Samiam,
1210 3103 1353 3176 ingenuo
1377 3105 1448 3165 loco
1472 3106 1589 3165 natam

357 3217 461 3276 fuisse
496 3219 541 3292 et,
579 3232 655 3277 cum
689 3233 709 3277 a
743 3232 802 3277 suo
839 3219 932 3292 patre
968 3216 1082 3290 agnita
1117 3217 1219 3288 esset,
1255 3217 1342 3277 iusto
1374 3217 1588 3279 matrimonio

356 3331 503 3390 iunctam
528 3345 602 3390 esse
624 3329 779 3420 Demeae,
804 3330 967 3404 suspicari
989 3330 1067 3391 licet
1089 3330 1245 3406 fortasse,
1271 3314 1498 3392 demonstrare
1521 3347 1586 3393 non

357 3459 547 3518 possumus.

897 3541 1043 3548 ———

401 3696 438 3754 In
470 3693 591 3755 codicis
622 3694 821 3766 fragmentis
851 3709 957 3767 neque
988 3692 1119 3756 fabulae
1151 3708 1272 3754 nomen
1303 3695 1474 3754 servatum
1498 3695 1549 3754 est
1565 3687 1587 3763 ¹)

356 3825 463 3883 neque
494 3811 730 3883 argumentum
757 3808 948 3883 metricum,
974 3823 1079 3881 neque
1103 3808 1204 3868 index
1226 3823 1457 3884 personarum,
1481 3822 1587 3881 neque

356 3923 488 3983 fabulae
518 3937 594 3996 pars
628 3923 725 3998 prior.
760 3920 883 3982 Deesse
918 3921 1071 3981 videntur
1102 3924 1197 3981 actus
1227 3920 1355 3997 primus
1387 3924 1478 3983 totus
1509 3937 1587 3982 cum

357 4035 447 4096 chori
471 4035 608 4095 introitu
633 4038 667 4095 et
688 4036 822 4095 initium
844 4037 937 4095 actus
958 4036 1105 4110 secundi,
1128 4036 1373 4109 aliquot-igitur
1390 4035 1466 4096 folia
1486 4036 1587 4096 inter-

357 4151 475 4211 cidisse
499 4152 576 4209 ante
600 4150 742 4225 primum
768 4150 995 4222 fragmentum
1019 4149 1170 4209 arbitror.

402 4263 498 4324 Solus
521 4278 610 4323 nune
634 4263 669 4322 in
692 4263 864 4338 proscenio
889 4264 1043 4323 versatur
1068 4262 1231 4322 Demea.

390 4470 410 4532 ¹)
427 4475 517 4532 Neque
542 4486 650 4533 prorsus
676 4475 778 4520 constat
800 4484 908 4526 nomem
933 4474 973 4517 est
996 4473 1084 4518 tamen
1108 4474 1163 4519 veri
1187 4469 1358 4519 simillimum.
1379 4472 1498 4518 Debetur
1515 4470 1588 4518 felici

356 4555 522 4600 coniecturae
545 4551 690 4614 Leieburr'i,
714 4554 758 4611 qui
778 4549 916 4609 Chrysidis
933 4550 1038 4611 puellae
1056 4552 1160 4599 Samiae
1178 4550 1223 4617 (ci.
1241 4566 1279 4598 vs.
1298 4553 1338 4609 50,
1357 4552 1587 4611 laminensem

356 4632 397 4678 his
420 4633 574 4691 fragmentis
597 4635 685 4692 partes
709 4646 768 4679 esse
791 4630 948 4685 observavit,
972 4628 1076 4677 Samius
1100 4633 1186 4678 autem
1205 4629 1341 4678 Menandri
1359 4631 1465 4679 fabulae
1482 4630 1589 4679 aliunde

357 4710 492 4770 cognitum
511 4725 569 4760 esse
587 4725 690 4759 nomen.
