3750 5492
182 4890 275 5032 λ

790 661 1038 706 precurramus

528 826 631 906 αὖθις·
654 830 803 894 πέπυσται
826 831 879 905 τὰς
901 831 937 892 ἀλ
952 878 1145 896 ..........
1158 856 1185 905 ις

526 948 608 1025 παρά
631 969 712 1020 τινος
735 939 843 1019 οὗτοςς
864 945 1003 1007 ἐκποδὼν
1027 943 1060 1007 δὲ
1082 947 1231 1025 βούλομαι

526 1065 612 1120 ποεῖν
636 1059 786 1138 ἐμαυτὸν.
800 1083 808 1119 .·
820 1106 1146 1120 .................
1160 1082 1205 1121 ειν

529 1334 1101 1349 .............................
1114 1313 1134 1348 v

350 1648 420 1708 Hoc
450 1649 521 1709 loco
550 1651 584 1708 et
610 1651 686 1723 post
711 1664 759 1708 vs.
785 1648 849 1708 373
875 1649 1014 1708 vernim
1040 1649 1157 1709 inserit
1179 1648 1335 1709 laciniam
1360 1647 1410 1717 (R'
1431 1647 1468 1706 et
1490 1644 1539 1704 R'

306 1763 391 1836 apud
426 1763 656 1838 Lefeburium)‚
689 1764 722 1822 in
753 1778 817 1836 qua
846 1763 991 1822 initiales
1018 1765 1149 1823 tantum
1173 1765 1206 1822 et
1230 1761 1347 1823 finales
1370 1779 1534 1825 versuum

305 1876 430 1950 aliquot
460 1877 590 1938 litterae
619 1880 754 1951 extant;
785 1892 923 1951 querum
957 1892 1115 1937 versuum
1140 1891 1242 1936 unum
1267 1876 1398 1951 explere
1422 1877 1538 1952 potuit

308 1990 460 2064 vunnim,
485 1994 600 2066 utpote
623 1992 753 2052 aliunde
777 1991 919 2052 antehac
942 1991 1121 2065 cognitum.

350 2104 504 2165 Fortasse
539 2121 654 2165 verum
685 2105 793 2165 locum
824 2105 921 2166 huius
952 2105 1091 2165 laciniae
1120 2105 1280 2165 indicavit
1310 2105 1378 2180 ille,
1405 2106 1538 2167 incerta

306 2220 418 2278 tamen
443 2221 494 2277 est
512 2234 581 2292 res;
601 2220 711 2291 itaque
732 2234 849 2279 versus
867 2223 1044 2292 sequentes
1063 2220 1167 2294 aliter,
1188 2233 1287 2291 quam
1308 2219 1342 2278 in
1361 2219 1538 2292 proecdosi
1625 2245 1629 2250 -

305 2332 381 2420 feci,
406 2347 492 2391 nunc
516 2334 738 2393 numerandos
761 2349 825 2393 non
849 2333 939 2393 duxi.
968 2333 1029 2393 Hic
1052 2336 1163 2394 autem
1184 2347 1242 2393 eos
1261 2335 1393 2393 tantum
1412 2349 1536 2394 versus

306 2445 440 2505 afferam
466 2461 549 2519 ques
572 2447 713 2507 feliciter
735 2448 881 2522 explevit
904 2448 1062 2508 vArnim:

792 2587 1050 2643 ΣΜΙΚΡΙΝΗΣ.

284 2837 287 2840 .
351 2804 372 2846 a
528 2785 646 2863 ὑψηλὸς
670 2785 712 2846 ὤν
736 2810 787 2859 τις.
812 2779 899 2858 οὗτος
924 2786 981 2848 οὐκ
1005 2786 1162 2864 οἰμώξεται

352 2899 370 2958 b
530 2899 739 2978 καταφθαρείς
762 2896 783 2958 τ’
809 2899 841 2960 ἐν
865 2900 1031 2985 ματρυλείῳ
1056 2900 1108 2961 τὸν
1132 2901 1201 2979 βίον

340 3085 397 3129 361.
414 3092 557 3146 tepentium
575 3084 759 3144 vllerwerden]
779 3102 924 3148 ιαμ....ωα
943 3085 1009 3142 cod,
1026 3086 1147 3149 ταραγμὸν
1165 3088 1194 3139 ὡς
1210 3085 1320 3132 dederat
1336 3085 1451 3132 vernim.

342 3187 372 3195 -
390 3163 451 3221 ἴχαν
469 3163 586 3222 vAruim]
604 3181 671 3210 aare
689 3164 746 3211 eod.

341 3242 398 3287 362.
416 3237 499 3301 αὖθις]
517 3258 585 3288 avere
605 3240 662 3288 cod.

342 3345 372 3359 -
391 3320 508 3366 πέπυσται
526 3319 612 3378 vviri]
630 3335 707 3366 nen..
718 3336 756 3368 ται
774 3321 829 3368 cod.

341 3424 372 3430 —
390 3397 421 3443 In
438 3398 489 3445 flue
506 3394 619 3456 *blateis
634 3399 727 3452 ultius?

343 3478 400 3523 363.
419 3477 524 3523 ἐκποδὼν
541 3477 566 3522 δὲ
582 3481 699 3536 βούλομαι
718 3475 802 3536 vWil.]
821 3496 860 3524 eu.
871 3512 888 3523 ..
901 3513 905 3522 .
916 3513 921 3523 .
931 3480 948 3524 ζ,
958 3513 962 3522 .
974 3483 1070 3535 ουλομαι
1089 3478 1145 3525 eod.

308 3546 310 3550 ’
342 3558 400 3603 τοι.
418 3556 520 3614 spamae
537 3555 622 3615 τινα]
641 3556 807 3603 .......αοο.

340 3650 364 3681 ιι.
382 3632 449 3688 οὗτος
465 3637 507 3680 οὐκ
525 3633 658 3693 οἰμώξεται]
677 3635 809 3695 supplevit
826 3636 941 3682 vArnim.

341 3743 371 3749 —
390 3728 429 3772 sq.
451 3714 536 3761 Verba
557 3717 599 3760 οὐκ
609 3738 641 3746 -
651 3715 821 3772 (immilem
845 3717 876 3761 fr.
896 3717 953 3771 177,
973 3716 1016 3761 ubi
1033 3717 1130 3762 omisso
1146 3732 1169 3762 τε
1184 3722 1210 3764 et
1223 3721 1284 3777 post
1296 3723 1349 3780 pior
1363 3718 1436 3763 finito
1451 3731 1535 3764 enun-

306 3796 370 3841 tiato
392 3806 529 3853 perperam
555 3793 705 3852 adiungitur
728 3795 858 3841 obiectum
884 3796 964 3841 verbo
986 3801 1178 3859 καταφθαρῆιαι.
1201 3797 1231 3843 In
1254 3797 1310 3843 cod.
1335 3797 1406 3843 solae
1427 3797 1536 3844 litterae

306 3881 498 3937 καταφθαραατι
516 3877 663 3934 supersunt,
682 3875 814 3932 supplevit
831 3876 947 3921 varnim.

348 4016 437 4070 a-d.
461 4015 581 4069 Plcrcre
603 4020 627 4069 ct
649 4017 680 4068 ιίι
701 4017 810 4070 melam
831 4031 894 4072 rem
946 4049 980 4056 -
1005 4016 1081 4072 filiae
1103 4019 1203 4072 dotem
1226 4017 1391 4084 cogitat-
1411 4017 1448 4070 alt
1466 4015 1535 4071 llbe-

308 4111 388 4165 abirc
405 4105 426 4171 1)
449 4107 612 4163 Smicrines
636 4108 719 4162 iubet
748 4123 895 4176 generum
946 4103 1039 4165 ralis!
1069 4139 1102 4146 -
1133 4109 1200 4163 Vox
1227 4112 1277 4163 τὸν
1299 4110 1358 4175 βίον
1379 4108 1427 4163 est
1448 4108 1535 4163 verbi

309 4201 478 4271 prodigum.
514 4200 568 4269 „In
597 4201 739 4271 lupanari
767 4199 895 4271 aliquod
948 4205 1075 4270 βιώσεται
1117 4201 1276 4256 obiectum.
1320 4201 1393 4256 cum
1431 4201 1534 4256 verbis

309 4294 460 4353 exclamat
483 4297 606 4347 ceteram
621 4296 743 4347 aetatem
758 4309 822 4347 cam
834 4296 896 4364 fidi-
947 4297 1054 4362 ὑψηλὸς
1076 4297 1116 4347 ὤν
1137 4311 1177 4357 τις
1198 4293 1233 4352 cf.
1254 4293 1332 4348 infra
1353 4292 1480 4348 Charisii
1500 4308 1534 4349 se

308 4391 373 4442 cina
406 4402 461 4440 saa
484 4387 636 4454 transipct
665 4402 717 4456 per
748 4402 790 4440 mc
822 4388 896 4454 licet,
947 4386 1047 4454 ipsum
1075 4386 1228 4454 carpentis
1256 4386 1363 4441 verba:
1386 4387 1420 4440 σὺ
1442 4386 1473 4439 δέ
1493 4384 1536 4451 τις

309 4482 391 4536 modo
413 4479 478 4533 ilinc
498 4480 624 4546 facessat
645 4494 735 4546 neque
753 4480 786 4533 de
799 4484 897 4534 nostro
949 4482 1056 4546 ὑψηλὸς
1077 4481 1189 4546 σφόδρα
1210 4481 1264 4532 κτὲ.
1277 4474 1308 4543 3).

343 4654 363 4715 ¹)
386 4655 425 4703 Cf.
450 4659 490 4703 Ar.
514 4657 580 4704 Nub.
605 4658 652 4703 789
678 4657 735 4701 Ροο.
760 4657 799 4702 72.
824 4681 854 4689 -
872 4653 892 4715 ²)
911 4653 949 4702 (ll.
967 4656 998 4701 fr,
1017 4655 1106 4714 adesp.
1125 4669 1190 4701 com.
1208 4656 1264 4702 220.
1283 4655 1362 4713 Herp.
1380 4654 1452 4700 auid.
1470 4667 1491 4701 s.
1509 4669 1535 4703 v.

309 4730 452 4786 ματρυλεῖοι.
476 4752 498 4757 -
519 4720 541 4780 ³)
559 4722 596 4769 Cf.
615 4738 651 4768 vs.
671 4725 727 4769 443.
1461 4731 1464 4739 '
