3750 5492
954 1481 995 1549 ΙΙ.

747 1691 1194 1762 ΕΙΙΙΤΡΕΠΟΝΤΕΣ.

640 2250 694 2305 ΤΑ
720 2248 803 2306 ΤΟΥ
823 2248 1060 2306 ΔΡΑΜΑΤΟΣ
1084 2246 1301 2305 ΠΡΟΣΩΠΑ.

580 2453 741 2537 Ὀνησιμος
765 2456 881 2536 οἰκέτης
906 2460 1067 2538 Χαρισίου.

584 2572 749 2653 Μοίμειρος.

583 2687 753 2767 Σμικρίνης
777 2685 889 2768 γέρων,
912 2686 1010 2767 πατὴρ
1032 2688 1207 2766 Παμφίλης.

584 2802 736 2881 Σύρισκος
761 2800 876 2882 οἰκέτης
902 2803 1127 2882 Χαιρεστράτου
1150 2801 1300 2884 γέροντος.

583 2920 665 2989 Δᾶος
688 2915 804 2994 ποιμὴν
828 2917 938 2989 δοῦλος
957 2913 987 2988 ¹).

583 3030 762 3111 Ἀβρότονον
785 3031 992 3111 κιθαρίστρια.

584 3144 731 3223 Χαρίσιος
754 3142 832 3224 ἀνὴρ
856 3144 1038 3223 Παμφίλης,
1060 3144 1283 3225 Χαιρεστράτου
1307 3144 1382 3217 υἱός.

583 3257 738 3337 Σωφρόνη
762 3257 874 3338 τροφὸς
897 3259 1063 3336 Παμφίλης
1080 3255 1114 3330 ²).

583 3369 802 3450 Χαιρέστρατος
825 3369 936 3452 γέρων,
960 3372 1107 3451 Χαρισίου
1131 3371 1228 3450 πατήρ
1240 3366 1270 3443 ³).

406 3485 621 3546 Personae
645 3488 825 3547 tacitae:
858 3485 960 3560 coqui
992 3487 1156 3547 minister.
1189 3487 1312 3560 syrisci
1343 3503 1436 3547 uxor.
1468 3486 1582 3546 Infans

361 3613 451 3672 puer.
476 3599 650 3674 Pamphila
672 3593 767 3660 uxor'
781 3600 933 3661 Charisii.
1226 3584 1232 3601 ’

406 3711 534 3774 Chorus
564 3731 628 3775 non
651 3715 749 3792 afuit,
775 3717 833 3776 sad
857 3717 969 3776 nullas
992 3718 1104 3790 partes
1128 3716 1161 3776 in
1184 3715 1296 3776 fabula
1319 3717 1397 3790 egit.
1421 3716 1445 3774 E
1469 3716 1583 3776 comis·

361 3829 515 3888 santibus
538 3829 714 3890 iuvenibus
738 3830 801 3890 fuit
826 3831 1042 3905 compositus.

397 4084 416 4146 ¹)
434 4089 543 4135 Servum
562 4093 589 4135 et
606 4102 699 4136 nomen
717 4089 794 4135 donet
811 4093 837 4136 st
855 4103 892 4135 vs.
911 4090 955 4145 503
975 4089 1020 4136 ssd
1038 4086 1095 4134 heri
1112 4087 1139 4134 in
1157 4088 1276 4135 versibus
1287 4088 1474 4147 superstitibus
1487 4089 1586 4134 mentio

362 4168 441 4224 nulla,
454 4181 538 4227 neque
550 4169 576 4214 in
585 4166 731 4230 deperditis
739 4170 835 4215 factam
845 4170 899 4216 veri
909 4169 1004 4230 simile,
1015 4166 1138 4226 quoniam
1149 4169 1290 4231 κροιαιικὸι
1300 4171 1428 4230 πρόσοικοι
1439 4170 1478 4213 est
1488 4168 1583 4212 Davus.

394 4242 417 4306 ²)
434 4248 473 4295 of.
491 4262 550 4307 pag.
567 4249 590 4304 1,
608 4251 631 4295 4.

395 4322 416 4387 ³)
434 4328 509 4374 Hune
527 4330 615 4388 recepi
633 4327 659 4374 in
677 4341 844 4387 personarum
863 4329 985 4383 indicem,
1001 4328 1050 4374 etsi
1067 4325 1093 4372 in
1107 4327 1227 4373 versibus
1241 4327 1287 4386 qni
1300 4327 1333 4372 ad
1347 4339 1394 4372 nos
1411 4328 1587 4384 pervenerunt

361 4407 433 4453 nulla
455 4411 516 4454 sunt
539 4409 597 4455 sius
615 4410 736 4466 vestigia.
767 4409 832 4455 Nam
855 4406 908 4455 nisi
930 4409 1034 4466 aliquas
1056 4410 1145 4465 partes
1168 4407 1194 4452 in
1221 4406 1310 4452 fabula
1333 4407 1395 4464 egit,
1418 4419 1464 4451 cnr
1482 4404 1539 4452 eius
1555 4406 1585 4451 fit

362 4488 459 4534 mentio
474 4485 501 4534 in
517 4486 623 4537 fabulas
640 4487 716 4534 initio
739 4485 787 4550 (vs.
807 4483 884 4550 161)?
907 4488 1011 4534 Patrem
1030 4487 1083 4532 dixi
1102 4486 1220 4542 Charisii,
1239 4483 1361 4544 quonism
1379 4487 1436 4545 ipss
1454 4486 1586 4532 Charisius

363 4570 476 4628 τρόφιμος
493 4569 548 4614 sive
566 4567 653 4615 herilis
662 4567 735 4631 filius
753 4565 850 4614 dieitur
867 4580 904 4612 vs.
922 4567 978 4613 160.
996 4567 1027 4611 In
1040 4566 1129 4625 prims
1147 4578 1232 4622 scena,
1251 4577 1317 4623 quas
1331 4579 1400 4612 nuno
1414 4564 1587 4621 desideratur,

362 4645 394 4691 da
418 4659 448 4693 so
471 4646 618 4706 oetsrisqns
641 4648 746 4695 fabulas
769 4647 888 4709 personis
910 4648 1038 4708 quantum
1062 4645 1126 4692 satis
1143 4648 1213 4691 sssst
1230 4645 1337 4692 edoctos
1353 4658 1410 4692 essa
1427 4647 1587 4705 spectatores

361 4726 489 4790 suspicari
506 4727 575 4776 liost.
