3750 5492
848 657 1026 705 APPnunlx.

908 959 965 1035 ΙΙ.

634 1148 672 1224 Ε
696 1147 1239 1227 DISCEPTANTIBUS.

925 1381 954 1441 l.

548 1515 605 1595 οὐχ
627 1513 644 1576 θ
666 1516 812 1595 τρόφιμός
836 1533 906 1594 σου,
928 1516 1004 1595 πρὸς
1027 1523 1120 1595 θεῶν,
1138 1513 1292 1595 Ὀνήσιμε,

549 1627 565 1689 ὅ
589 1638 648 1690 νῦν
671 1629 746 1710 ἔχων
772 1629 899 1707 <τὴν>
926 1632 1115 1710 Ἀβρότονον,
1137 1629 1192 1709 τὴν
1215 1634 1374 1712 ψάλτριαν,

548 1739 630 1824 ἔγημ’
656 1743 797 1824 ἔναγχος;
826 1779 862 1788 -
890 1746 1018 1804 ΟΝΗΣ.
1041 1745 1124 1806 πάνυ
1147 1742 1203 1822 μὲν
1226 1738 1294 1811 οὖν.

625 1856 693 1901 tien.
710 1855 742 1901 fr.
760 1856 810 1903 600
827 1857 854 1916 (e
868 1855 950 1901 schot.
969 1853 1074 1902 Arietid.
1092 1858 1143 1909 93).

369 2024 417 2084 Ad
449 2022 679 2097 Disceptantes
710 2022 919 2083 referendum
951 2038 1025 2083 esse
1052 2024 1113 2084 hoc
1136 2023 1361 2099 fragmentum
1385 2029 1551 2086 testantur

324 2137 461 2198 nomina
490 2136 633 2211 propria,
666 2150 708 2195 ex
738 2136 835 2196 initio
865 2138 1060 2197 desumtum
1090 2139 1210 2198 docent
1231 2138 1305 2213 ipsa
1328 2137 1438 2199 verba.
1463 2139 1551 2214 Quae

324 2251 420 2326 coqui
448 2264 524 2310 esee
556 2250 718 2310 videntur.
750 2249 797 2311 De
827 2266 906 2311 voce
933 2251 1070 2333 τροφίμῳ
1102 2251 1142 2313 cf.
1174 2267 1222 2311 vs.
1258 2253 1330 2312 160.
1364 2253 1501 2313 Versum
1531 2255 1549 2312 2

325 2365 442 2425 malim
466 2364 515 2424 Sic
538 2364 716 2438 scriptum:
741 2359 757 2421 ὅ
780 2372 839 2422 νῦν
862 2363 1040 2442 Ἀβρότονον
1064 2361 1119 2439 τὴν
1142 2364 1355 2444 κιθαρίστριαν
1379 2362 1462 2441 ἔχων.

926 2565 956 2624 2.

1046 2676 1075 2736 τί
1097 2671 1123 2736 δ’
1151 2676 1188 2737 οὐ
1212 2683 1296 2749 τιοεῖς

548 2789 688 2871 &nantum
711 2786 727 2849 ὃ
751 2785 780 2849 θ’
806 2788 889 2850 ἀλύει
912 2790 1006 2850 πάλαι
1029 2790 1250 2868 κατακείμενος.

625 2904 700 2949 Phot.
716 2903 778 2949 Lex.
795 2902 836 2949 ed.
853 2903 1032 2949 Reitzenstein
1049 2916 1071 2949 e.
1087 2915 1110 2949 τ.
1128 2902 1190 2956 ἅλις,

370 3047 518 3108 Onesimi
542 3047 582 3106 ad
606 3062 748 3120 coquum
773 3047 854 3106 haec
877 3046 978 3107 verba
1000 3047 1164 3107 vtdentur.

369 3161 513 3222 Verbum
533 3157 635 3220 ἀλύειν
655 3161 734 3220 nihil
751 3176 843 3234 nuere
860 3160 894 3219 in
915 3160 977 3220 hoc
998 3176 1095 3220 versu
1116 3159 1227 3220 valere
1246 3163 1390 3221 testatur
1403 3162 1549 3222 Photius

326 3275 373 3338 Of.
398 3276 529 3337 fabulae
551 3290 601 3335 vs.
625 3275 701 3335 342.

926 3426 957 3485 3.

1070 3597 1072 3602 .
1084 3535 1219 3598 ἒπὲτιασα

548 3649 596 3712 ἒιτλ
619 3650 652 3711 τὸ
675 3651 793 3730 τάριχος
816 3650 903 3728 ἅλας,
925 3649 979 3710 ἐὰν
1003 3650 1081 3711 οὕτω
1104 3651 1186 3734 τύχῃ.

624 3763 692 3809 Men.
711 3763 743 3809 fr·
761 3763 808 3810 178
827 3763 869 3822 (ex
886 3763 980 3810 Athen.
999 3762 1089 3822 1190).

923 3948 956 4007 4.

547 4082 639 4164 ἀργὸς
663 4078 691 4144 δ’
718 4082 865 4163 ὑγιαίνων
888 4091 942 4142 τοῦ
965 4079 1161 4160 πυρέττοντας
1184 4082 1262 4142 πολὺ

549 4192 602 4257 ἔστ’
629 4196 827 4277 ἀθλιώτερος,
850 4196 993 4256 διπλάσιά
1016 4189 1041 4276 γ’
1066 4194 1181 4256 ἐσθίων

551 4311 657 4389 μάτην.

627 4423 694 4469 Men.
713 4423 745 4469 fr.
764 4423 810 4469 1‘15
829 4423 855 4482 (e
873 4422 944 4469 Stob.
963 4419 1030 4468 Flor.
1048 4424 1089 4478 30,
1108 4419 1143 4484 λ).

372 4587 395 4672 y'
421 4590 534 4651 ἐσθίων
557 4606 615 4666 pro
634 4599 710 4669 γοῦν
729 4587 824 4649 ἐσθίει
844 4591 985 4652 coniecit
1004 4590 1109 4667 Koek,
1131 4590 1187 4650 alii
1206 4589 1318 4664 aliter;
1337 4591 1550 4650 tetrametros

328 4722 507 4782 agnoscere
531 4708 595 4766 sibi
618 4706 789 4767 videbatur
811 4706 973 4780 Meineke,
996 4706 1138 4766 fortasse
1162 4720 1276 4766 verum
1299 4703 1512 4779 perspiciens,
