3750 5492
812 694 1062 739 DISOEPTANTES.

546 866 719 948 ἀλεκτρυών
743 891 786 941 τις
810 865 861 928 καὶ
884 867 964 945 μάλα
988 866 1150 947 areopole-
1174 864 1255 946 λαβέ.

546 981 628 1044 souti
653 979 686 1043 ii
710 982 853 1043 iiiiiolv
876 1004 911 1042 τι.
935 979 1061 1055 πέλεκυς
1085 979 1197 1041 οὑτοσί.

815 1135 1058 1192 ΟΝΗΣΙΜΟΣ.

870 1241 998 1307 (aarum)

547 1316 576 1373 τί
598 1309 702 1386 ταῦθ’;

825 1416 1049 1474 ΣἸΡΙΣΚΟΣ.

722 1516 893 1609 ὖῖτόχρασος
917 1527 1076 1601 δακτύλιός
1099 1550 1143 1600 τις
1167 1525 1283 1604 οὑτοσί,

546 1641 636 1715 αὐτὸς
659 1643 813 1720 σιδηροῦς.
837 1643 960 1722 γλύμμα
984 1650 1093 1722 ταῦρος
1117 1638 1137 1719 ἢ
1159 1640 1275 1720 τράγος·

358 1805 414 1850 168.
431 1800 577 1864 *erpsuvid
596 1817 710 1864 σιριφνοσ
728 1803 785 1849 ood.

324 1958 418 2012 supra
438 1943 514 1998 dixit
534 1943 654 2012 Davus,
669 1958 788 1999 merum
803 1945 833 1998 id
847 1946 914 1999 erat
1005 1944 1070 1998 168.
1097 1945 1248 2012 στρυφνός]
1270 1943 1424 2012 siriposas,
1446 1940 1560 1995 aridus

324 2036 517 2091 mendacium
530 2035 551 2102 ¹)
576 2066 617 2074 -
637 2033 807 2102 efficiturh.
840 2037 913 2092 con·
964 2035 1099 2097 (minime
1117 2035 1340 2103 succulentus);
1358 2033 1457 2089 iocose
1470 2045 1560 2088 nunc

323 2128 393 2183 ferri
408 2131 513 2197 potest
524 2128 638 2184 Creusa
649 2129 825 2197 Euripides,
837 2143 913 2196 quae
963 2129 1087 2183 dictum.

323 2222 450 2276 infantis
480 2236 569 2288 quem
599 2222 743 2290 exposuit
767 2221 843 2277 collo
863 2222 911 2277 cir·
1005 2221 1072 2276 169.
1101 2222 1223 2275 διάλιθόν
1250 2221 1287 2286 τι]
1315 2233 1438 2274 aureum
1465 2232 1558 2272 orua-

324 2314 476 2369 cumdedit
517 2328 644 2368 aureum
686 2315 797 2370 monile
838 2317 913 2370 duos
963 2317 1091 2368 meatum
1114 2314 1232 2383 aliquod
1251 2315 1436 2382 gemmatum.
1465 2308 1560 2365 Inter

326 2410 502 2476 serpentes,
528 2406 715 2462 Erichthonii
736 2407 913 2479 imaginem,
964 2409 1145 2462 ornamenta
1174 2421 1190 2462 e
1220 2405 1335 2460 Dianae
1365 2403 1559 2458 Brauroniae

325 2499 476 2568 refersne,
505 2501 601 2566 δέραια
621 2504 697 2553 παιδὶ
718 2502 842 2570 νεογόνῳ
865 2503 913 2568 φέ-
962 2499 1077 2567 templo
1118 2498 1148 2553 in
1188 2499 1368 2554 thesaurum
1400 2495 1559 2551 Minervae

325 2609 382 2659 ρειν
394 2588 425 2656 3).
444 2593 532 2660 Apud
550 2592 692 2647 Plautum
711 2593 827 2648 cistella
844 2608 913 2648 cum
962 2590 1064 2647 delata
1096 2592 1374 2647 commemorantur
1398 2591 1558 2655 σύμμεικτα

325 2684 497 2752 crepundiis
536 2686 586 2739 est
615 2687 645 2738 in
678 2684 844 2741 Cistellaria
875 2686 913 2741 la·
964 2680 1118 2755 brariaci),
1144 2684 1218 2740 item
1242 2683 1273 2738 in
1295 2683 1444 2738 thesauro
1464 2681 1560 2750 Apol·

325 2776 410 2845 bula,
440 2790 517 2843 quae
544 2777 581 2831 ab
609 2791 645 2832 ea
671 2792 783 2834 nomen
806 2779 914 2846 habet,
962 2776 1033 2832 linis
1052 2776 1126 2832 Delii
1145 2780 1265 2844 καθετὴρ
1283 2775 1348 2831 sive
1365 2773 1471 2829 mouile
1488 2792 1557 2841 χρυ-

326 2883 381 2923 nec
407 2883 468 2923 non
490 2868 520 2923 in
543 2869 676 2925 Terentii
697 2871 844 2926 Eunucho
865 2871 914 2925 ha·
964 2876 1030 2933 σους
1061 2872 1192 2936 διάλιθος,
1216 2870 1352 2936 ποτήριον
1373 2872 1447 2922 λεῖον
1468 2869 1556 2921 διάλι-

325 2962 433 3016 bemus
454 2961 603 3017 cistellam
621 2977 689 3017 cum
704 2964 913 3019 monumentis
963 2967 1026 3028 θον,
1048 2965 1133 3030 ὅρμος
1154 2964 1273 3025 διάλιθος
1284 2956 1314 3026 7).

326 3054 391 3109 sive
418 3053 530 3125 signis,
560 3056 687 3122 denique
715 3056 745 3111 in
773 3056 914 3111 Rudente
1003 3085 1042 3093 —
1062 3056 1187 3121 πέλεκυς]
1209 3052 1368 3108 securicula
1390 3066 1483 3106 aurea
1501 3067 1556 3106 aa·

327 3146 425 3201 Plauti
446 3146 489 3202 ita
510 3148 544 3202 ut
565 3150 672 3204 nostro
686 3149 751 3205 loco
766 3149 915 3205 eiusmodi
964 3162 1043 3217 ceps,
1066 3162 1157 3214 quam
1171 3147 1361 3213 ἀποτρόπαιον
1377 3146 1557 3212 gestaverat

326 3241 506 3295 ornamenta
541 3240 666 3308 singula
700 3243 913 3310 recensentur;
964 3241 1065 3309 virgo,
1095 3241 1202 3308 utpote
1229 3238 1343 3293 Dianae
1370 3239 1401 3292 et
1421 3236 1486 3292 Iovi
1508 3251 1555 3293 sa·

326 3333 417 3387 hahet
444 3332 525 3387 enim
552 3333 709 3389 Palaestra
738 3333 838 3402 puella
862 3334 913 3388 cis·
963 3348 1054 3388 cram.

326 3423 445 3493 tellam,
476 3424 505 3478 in
539 3439 598 3491 qua
629 3428 704 3481 sunt
735 3426 913 3497 crepundia,
1006 3427 1073 3480 170.
1092 3426 1250 3492 ὑπόχρυσος
1268 3426 1450 3486 δακτύλιος..
1467 3424 1556 3488 αὐτὸς

310 3516 435 3583 ‘quibus
468 3532 542 3573 suos
575 3520 718 3586 parentes
749 3506 925 3586 agnoscere
965 3519 1105 3585 σιδηροῦς]
1135 3517 1249 3576 ferreas
1281 3516 1389 3570 auulus
1418 3519 1555 3570 casatus.

327 3608 440 3677 possit:
462 3610 607 3664 ensiculus
627 3625 736 3664 aureus
759 3611 914 3675 litteratus,
963 3611 997 3663 ln
1025 3609 1173 3679 Apollinis
1195 3608 1269 3664 Delii
1292 3608 1439 3663 thesauro
1464 3609 1556 3663 erant

326 3701 912 3772 -inestnomenpatrishaemones,—
965 3705 1105 3756 δακτύλιοι
1142 3706 1251 3770 σιδηροῖ
1288 3701 1556 3767 ὑποκεχρυσωμένοι

327 3793 549 3848 securicula
571 3794 913 3864 aucepsaareaitem
965 3797 1062 3848 ἕνδεκα
1101 3800 1133 3850 et
1167 3796 1312 3861 χονδύλιον
1346 3787 1554 3860 ὑπόχρυσονθ).

327 3885 479 3953 litterata,
515 3917 547 3924 -
575 3889 683 3948 matris
711 3902 821 3943 nomen
843 3887 914 3942 Dae·
963 3888 1088 3942 idemne
1107 3887 1202 3954 igitur
1221 3886 1268 3940 his
1289 3886 1361 3941 locis
1383 3887 1450 3938 ὑπο·
1470 3884 1557 3941 valet

328 3977 402 4032 dalis
431 3981 479 4032 est
500 3978 697 4049 inscriptum,
722 3980 915 4034 —sicilicula
964 3981 1042 4047 quod
1071 3979 1140 4033 alibi
1163 3982 1217 4033 ἐπι-
1238 3978 1268 4032 in
1291 3979 1445 4044 ἐπίχρυσος,
1468 3978 1555 4044 ἐπάρ-

328 4070 509 4139 σνρσαόαοία,
548 4073 712 4126 maniculae
750 4073 824 4126 duae
854 4087 914 4124 cou·
963 4073 1069 4138 γυροςῖ)
1100 4071 1142 4126 At
1169 4072 1315 4137 ὑπάργυρα
1342 4070 1410 4124 alibi
1431 4071 1463 4124 et
1483 4071 1555 4124 ὑπό-

327 4179 430 4227 aecae,
443 4165 655 4233 sacula,bulla
665 4179 757 4219 aurea
769 4159 800 4228 4).
816 4163 914 4217 Etiam
964 4168 1030 4218 ξυλα
1062 4165 1092 4218 et
1123 4165 1266 4229 ὑπόχαλκα
1296 4161 1436 4216 dicuntur
1466 4175 1554 4216 orua-

327 4256 357 4310 in
373 4257 527 4311 Menandri
543 4257 752 4312 circumtonsa
763 4270 816 4325 per
827 4257 916 4323 signa
964 4261 1060 4308 melan
1078 4258 1214 4322 arpeuieu
1231 4255 1276 4309 vel
1295 4255 1389 4324 lipuca
1406 4253 1558 4310 velaeuea

329 4349 362 4403 fit
383 4349 498 4417 agnitio
510 4345 541 4414 5).
964 4351 1074 4401 aurata
1092 4343 1123 4412 9).

363 4549 380 4609 ¹)
398 4554 439 4598 Vs.
464 4555 504 4598 60.
528 4578 560 4586 -
582 4548 602 4608 ²)
620 4549 658 4597 Cf.
682 4565 720 4597 vs.
745 4553 802 4598 268,
828 4578 856 4584 —
880 4546 901 4612 3)
919 4552 980 4597 Eur.
1003 4551 1059 4595 Ion.
1086 4550 1261 4595 1427-1431.
1286 4575 1316 4582 -
1339 4545 1360 4611 ⁴)
1378 4549 1463 4594 Plani.
1487 4549 1557 4596 Rud.

328 4621 376 4665 aaa
396 4634 444 4677 sq„
461 4621 635 4666 1154-1171.
650 4644 679 4651 —
697 4614 716 4713 ὅ)
732 4617 770 4666 cr.
784 4616 908 4665 circumi.
919 4621 967 4664 sos
982 4630 1039 4675 sqq.
1051 4643 1081 4649 -
1092 4612 1261 4673 eulampii
1272 4615 1348 4675 (Diti.
1359 4611 1556 4676 syuiscea-
1602 4610 1605 4615 ’

327 4684 347 4741 ⁷)
365 4688 428 4732 Diti.
457 4683 530 4744 Syll)
557 4684 625 4732 367⁴*
641 4681 732 4731 184ἰθ.
761 4712 792 4720 -
820 4683 840 4751 ⁸)
857 4687 921 4732 Diti.
946 4681 1020 4743 Syll)
1045 4679 1165 4730 367¹⁶i⁰¹.
1189 4711 1221 4717 —-
1246 4679 1265 4747 9)
1283 4681 1321 4730 Cf.
1345 4696 1382 4730 vs.
1407 4685 1465 4738 187,
1488 4683 1555 4734 Diti.

327 4754 389 4810 syn.
409 4751 488 4814 aceri,
506 4750 586 4800 seru.
