3750 5492
508 845 724 925 ἶντεθρίοιενς

843 976 1044 1032 ΔΗΜΕΑΣ.

740 1092 894 1165 φλυαρεῖς.
917 1088 1046 1163 λήψεται
1069 1085 1125 1163 μὲν
1146 1087 1202 1165 τὴν
1224 1087 1329 1167 κόρην·

507 1202 567 1262 ἔστι
590 1198 616 1262 d'
641 1202 679 1263 οιί
702 1212 851 1262 τοιοῦτον.
875 1201 951 1260 dui
974 1203 1181 1281 περιώρων
1203 1200 1315 1262 ἐνθαδὶ

506 1319 603 1394 βραχύ
626 1341 652 1375 ιι
677 1311 733 1392 μετ’
760 1314 836 1393 ἱροῦ
861 1352 901 1362 -

813 1494 1070 1552 ΝΙΚΗΡΑΤΟΣ.

917 1606 1129 1685 περιπατήσας

844 1783 1043 1841 ΔΗΜΕΑΣ.

1139 1893 1193 1955 ani
1210 1894 1338 1956 remis
1356 1892 1503 1975 ἀνέλαβε.
1517 1931 1561 1940 -

361 2082 418 2126 ati.
435 2085 597 2142 ιιριιάιιρσον
614 2078 736 2142 Οπὸιιθή]
756 2096 918 2143 supinari...
937 2082 994 2128 cod.

362 2161 418 2205 21³.
437 2158 531 2221 ’,τραχύ
555 2159 588 2218 τι]
612 2158 714 2216 addidi,
734 2163 807 2223 μικρὰ
829 2161 883 2207 Leo
905 2162 1016 2208 (tranei-t
1031 2161 1119 2218 vWil.;
1136 2177 1223 2225 ραιρον
1239 2161 1297 2207 eod.
1315 2160 1389 2206 addit
1404 2161 1431 2206 in
1449 2173 1560 2220 praece·

327 2239 413 2284 dentis
438 2253 529 2285 versus
549 2242 630 2287 exitu.
654 2239 819 2298 Singularem
842 2245 925 2304 μικρόν
949 2254 1000 2289 non
1022 2241 1167 2288 admittunt
1189 2243 1301 2298 numeri,
1316 2241 1364 2288 sed
1380 2239 1514 2301 pluralem
1532 2243 1563 2286 ut

327 2317 448 2364 admittat
471 2321 561 2376 lingua
585 2333 689 2376 rereor;
712 2321 802 2367 laudat
821 2321 927 2379 quidem
946 2322 1000 2368 Leo
1017 2322 1144 2381 Sosipatr.
1163 2323 1195 2368 ir.
1213 2317 1259 2378 1¹²,
1275 2324 1304 2367 at
1318 2318 1357 2367 ibi
1371 2319 1443 2380 quod
1461 2319 1562 2378 legitur

326 2399 399 2459 μικρὰ
424 2399 552 2456 διακινήσω
577 2400 695 2446 numeris
720 2413 779 2446 curn
806 2413 858 2447 nou
883 2401 1041 2455 stabiliatur,
1065 2399 1108 2446 vix
1135 2400 1229 2448 dubito
1253 2401 1316 2459 quin
1342 2400 1400 2447 iure
1422 2400 1449 2446 in
1472 2401 1561 2462 μικρὸν

327 2477 469 2521 mutaverit
490 2475 553 2523 olim
576 2477 682 2525 Jacobs.
703 2477 778 2533 Quod
800 2477 823 2523 si
845 2477 906 2536 quis
922 2483 1010 2538 negot,
1025 2493 1058 2524 ne
1076 2477 1238 2538 sicquidem
1256 2479 1302 2526 ilie
1319 2479 1392 2526 iocus
1410 2479 1561 2525 consimilis

326 2556 361 2598 sit
379 2558 477 2612 nostro,
494 2555 541 2602 ubi
558 2555 590 2603 de
607 2572 657 2604 ιιιιιι
673 2558 766 2616 utique
782 2556 962 2606 ambulatione
978 2560 1009 2605 fit
1025 2571 1121 2606 sermo.

362 2659 391 2667 -
412 2632 491 2680 ‘Post
508 2640 660 2698 περιπατήσει
677 2637 771 2696 scripsi
788 2634 892 2695 signum
910 2637 1097 2696 interrogandi.
1151 2626 1156 2633 ’

363 2739 392 2745 -
413 2714 513 2760 aravit*
529 2714 596 2775 Leo]
614 2733 717 2762 orm...
735 2716 793 2762 cod.

361 2819 391 2825 -
411 2795 516 2856 ordiam
534 2794 657 2855 Grt'inert]
674 2800 790 2856 ...stapla
807 2795 874 2852 eod„
891 2798 1010 2857 κατάλαβε
1025 2795 1079 2842 Ινθο
1097 2795 1169 2854 (coll.
1187 2795 1312 2843 Herodot.
1329 2795 1370 2867 m
1386 2796 1439 2852 86),
1452 2799 1559 2858 odilam

329 2869 407 2917 vwrr.

332 2967 1555 2980 -—-—r—————-—-——————-—-—

327 3038 396 3107 plus
424 3041 500 3096 satis
527 3040 588 3097 iam
609 3044 800 3110 compertum
824 3043 916 3098 habet
961 3046 1016 3098 ζειν
1039 3041 1105 3097 sive
1125 3041 1272 3096 rmudore
1286 3035 1321 3118 4).
1348 3071 1376 3080 -
1402 3040 1473 3096 Non
1495 3041 1557 3097 huc

326 3131 499 3203 itineratus,
530 3135 582 3189 sed
614 3136 699 3203 pater
730 3136 816 3204 pueri
847 3136 914 3203 quis
960 3133 1075 3190 iaciunt
1111 3136 1147 3188 τὰ
1182 3140 1241 3188 τῶν
1272 3133 1410 3202 μαγείρων
1442 3138 1508 3201 θρῖα
1522 3129 1555 3202 ⁵).

325 3223 368 3280 ait
406 3226 541 3280 nondum
579 3227 691 3282 didicit.
729 3259 755 3266 -
791 3228 914 3297 Proprie
962 3226 1044 3293 Quod
1062 3241 1134 3282 vero
1151 3229 1231 3296 apud
1241 3225 1429 3296 Hesychium
1440 3225 1557 3294 legitur

326 3318 453 3384 ἐνθριοθν
474 3317 625 3385 significat
643 3321 713 3386 folio
731 3321 851 3391 mulceo
872 3322 913 3375 in·
962 3320 1148 3386 ἐντεθρίωκεν·
1178 3321 1317 3389 ἐνείληκεν
1345 3323 1363 3388 ἢ
1387 3320 1553 3386 ἐσκεύακεν,

324 3410 444 3479 volvere,
473 3410 542 3465 hinc
570 3414 648 3480 apud
675 3413 913 3482 Aristophanem
960 3412 1042 3481 prior·
1067 3413 1280 3482 interpretatio
1303 3412 1386 3467 recte
1405 3411 1500 3467 habet
1522 3412 1553 3467 in

324 3503 361 3556 ad
382 3501 464 3557 viros
481 3502 578 3571 palliis
596 3506 693 3561 tectos
711 3506 834 3561 dicitur:
853 3509 915 3562 ἀλλ’
960 3504 1152 3576 universum,
1181 3503 1333 3575 posterior
1355 3505 1461 3559 autem
1483 3519 1553 3561 nos·

326 3597 377 3648 οὐκ
399 3597 594 3662 ἐντεθριῶσθαι
611 3599 707 3665 πρέπει
722 3594 757 3669 1),
777 3600 826 3654 ubi
840 3599 914 3654 nihil
961 3600 1043 3653 trum
1065 3598 1163 3653 locum
1186 3599 1318 3666 spectat,
1339 3595 1391 3651 ubi
1410 3595 1553 3652 versibus

325 3687 383 3741 nisi
417 3688 558 3742 involvere
589 3689 740 3758 significat
769 3692 911 3761 verbum;
960 3689 1147 3745 intermissis
1193 3687 1351 3745 duodecim
1400 3689 1552 3744 ἐσκεύακεν

325 3781 471 3846 quemad
493 3782 615 3837 modum
641 3783 709 3838 alibi
730 3786 809 3852 apud
827 3783 911 3839 illum
961 3783 1067 3838 eodem
1095 3782 1219 3851 fallendi
1247 3796 1341 3838 sensu
1365 3783 1551 3850 usurpatum

324 3871 471 3926 comicum
508 3873 640 3944 locusta,
675 3876 722 3931 cui
753 3876 818 3932 alae
849 3876 913 3932 sint
960 3876 1017 3931 est.
1045 3874 1113 3930 Alia
1137 3874 1242 3942 glossa
1268 3874 1466 3945 Hesychiana
1494 3878 1552 3930 ἑνε-

325 3966 514 4034 praereptae,
539 3969 574 4020 τὰ
595 3973 658 4035 θρῖα
678 3968 743 4024 sive
763 3969 912 4023 involucra
959 3967 1082 4033 eplocav
1110 3968 1215 4023 utrum
1243 3967 1302 4023 huc
1332 3966 1422 4024 iaciat
1453 3982 1551 4025 necne

253 4042 255 4047 ’
324 4062 375 4108 ποθ
405 4057 539 4123 τρίβωνος
569 4061 786 4127 ἀποβεβληκέναι
811 4060 912 4116 iocose
959 4058 1122 4117 incertum.

324 4145 482 4216 dicitur²);
512 4151 618 4205 nostro
646 4152 750 4207 autem
773 4151 839 4208 loco
859 4153 910 4207 cir·
1001 4153 1069 4208 241.
1099 4155 1217 4220 imperor
1246 4154 1295 4219 μὲν
1322 4156 1375 4221 τὴν
1396 4153 1495 4222 κόρην]
1519 4154 1551 4210 im

324 4241 520 4295 comperiendi
545 4241 609 4297 sive
637 4242 796 4313 decipiendi
817 4259 911 4300 sensu
958 4246 1180 4300 matrimonium
1198 4243 1553 4316 eidabitcrpuellcmco·

324 4334 490 4389 adhibitum
528 4348 598 4390 esse
628 4331 793 4402 verbum3)
825 4337 911 4392 docet
958 4351 1019 4391 rem
1038 4353 1056 4392 a
1072 4341 1098 4392 tc
1116 4339 1217 4392 datam
1234 4341 1332 4394 sumai
1346 4337 1457 4406 faciam
1472 4353 1550 4408 epui-

323 4427 495 4482 contextus.
517 4425 696 4496 Oppositum
714 4429 763 4484 est
780 4429 911 4496 ἀποθριά-
959 4430 1032 4485 dem.

357 4671 377 4732 ι)
396 4678 437 4722 Ar.
452 4677 511 4736 Lyn.
524 4679 581 4724 θθθ.
597 4703 628 4712 -
644 4675 664 4739 ²)
680 4679 894 4738 Ar.Vesp.1812.
909 4704 942 4713 -
957 4675 1054 4738 ³lell.
1067 4679 1149 4728 rouler
1163 4679 1299 4743 quelqs'un,
1314 4677 1506 4728 mettrededam.
1517 4706 1550 4716 -

322 4737 344 4800 ⁴)
362 4743 403 4789 Ar.
423 4743 485 4791 Aah.
505 4745 560 4792 1⁶8.
575 4769 608 4778 -
627 4741 646 4805 Β)
665 4747 707 4793 Ar.
725 4747 788 4793 Bau.
808 4747 864 4794 184.
