3750 5492
873 639 990 685 HEROS.

548 810 707 890 Πτελίασι,
727 809 858 892 γεγονὼς
871 784 998 888 ὀἰκέτης
1022 807 1090 882 νέος
1114 807 1157 869 liv
1180 830 1262 870 ποτε.

543 924 657 1008 ἐγένετο
681 926 777 1010 τούτῳ
801 926 915 1003 δίδυμα
939 933 1034 984 ταῦτα
1057 919 1198 1002 παιδία,’

545 1039 584 1114 ὥς
607 1040 704 1122 ἔλεγεν
728 1039 834 1116 αὐτός,
857 1039 876 1119 ἦ
900 1060 930 1100 τε
954 1037 1120 1119 Πλαγγών,
1143 1030 1179 1116 ἧς
1203 1035 1278 1118 ἐρῶ,
1303 1071 1343 1083 -

858 1193 1009 1250 ΓΕΤΑΣ.

325 1284 365 1343 25
543 1289 603 1341 νῦν
626 1280 788 1359 μανθάνω.

872 1395 995 1453 ΔΑΟΣ.

822 1506 854 1568 τὸ
878 1507 1036 1587 μειράκιόν
1058 1501 1102 1584 θ’,
1125 1504 1141 1567 6
1165 1505 1306 1586 Γοργίας.

861 1661 891 1716 Γ
888 1660 1011 1716 ΕΤΑΣ.

546 1769 642 1833 ὁτῶν
666 1773 840 1852 προβατίων
864 1766 972 1831 ἐνθάδ’
1000 1769 1234 1849 ἐπιμελούμενος

546 1885 616 1947 νυνί
639 1882 706 1966 παρ’
733 1883 823 1965 ἡμῐνς

886 2026 1009 2084 ΔΑΟΣ.

848 2129 944 2210 οὗτος.
970 2134 1012 2197 ὢν
1035 2135 1096 2217 ἤδη
1115 2135 1213 2219 γέρων

548 2251 564 2314 6
591 2253 707 2332 Τίβειος
731 2248 747 2312 6
770 2250 868 2331 πατὴρ
893 2252 933 2324 εἰς
957 2250 1075 2330 τροφήν
1098 2273 1131 2331 γε
1154 2251 1304 2330 λαμβάνει

550 2368 667 2439 τούτοις
690 2365 774 2446 παρὰ
796 2375 850 2427 τοῦ
875 2365 949 2443 ἐμοῦ
974 2365 1122 2427 δεσπότου
1148 2376 1239 2444 μνᾶν,
1257 2364 1308 2427 καὶ
1330 2367 1422 2426 πάλιν
1449 2400 1488 2409 -

551 2479 636 2560 λιμὸς
660 2479 716 2561 γδιρ
740 2471 780 2559 ἦν
806 2516 845 2525 -
870 2490 960 2557 μνᾶν.
984 2474 1031 2541 εἶτ’
1059 2478 1203 2559 ἀπέσπλη.

865 2635 894 2690 Γ
891 2635 1016 2691 ΕΤΑΣ.

1231 2717 1287 2797 τὴν
1310 2719 1413 2801 τρίτην

548 2831 588 2906 ὥς
612 2832 670 2894 οὐκ
694 2831 843 2895 ἀπεδίδου
868 2833 958 2913 τυχὸν
983 2832 998 2894 6
1024 2833 1171 2914 δεσπότης
1195 2831 1211 2895 6
1234 2834 1296 2907 σός.

360 3021 401 3067 al.
420 3019 484 3080 ἡμῖν]
502 3022 555 3078 ὑμῖν
571 3021 626 3067 Leo
644 3021 693 3078 (eie
711 3034 772 3067 vero
790 3024 897 3067 ἐνταῦθα
913 3022 1001 3079 potius
1019 3021 1133 3067 debebat
1149 3020 1330 3080 praecedere).

361 3102 392 3146 30
410 3113 447 3158 sq.
463 3098 505 3147 Sic
514 3101 676 3159 interpunxit
685 3101 767 3157 vwil„
775 3101 832 3146 Les.
843 3100 884 3158 τὴν
892 3105 980 3162 τρίτην,
990 3103 1019 3154 ὡς
1029 3103 1071 3146 οὐκ
1080 3101 1201 3154 ἀπεδίδου,
1213 3100 1288 3160 τυχὸν
1297 3101 1308 3145 δ
1317 3100 1432 3158 δεσπότης
1441 3100 1453 3144 ὁ
1462 3100 1502 3151 σός
1514 3123 1551 3142 -.

367 3268 413 3320 22.
432 3268 579 3333 Πτελέασι]
597 3266 734 3321 Oeneidis
752 3265 849 3321 tribus
867 3266 915 3322 hic
966 3266 1043 3322 Geta
1071 3267 1203 3336 puellam
1231 3268 1396 3322 formosam
1424 3265 1454 3319 in
1476 3264 1549 3319 aedi·

327 3362 392 3413 erat
412 3360 528 3414 demun.
964 3361 1021 3414 bus
1037 3359 1143 3414 vicinis
1161 3359 1358 3428 habitantem,
1374 3358 1449 3413 nihil
1459 3357 1552 3425 igilur

374 3482 400 3489 -
427 3454 549 3516 γεγονὼς
570 3453 678 3520 οἰκέτης
695 3453 757 3515 νέος
775 3453 815 3504 ὤν
833 3454 912 3519 ποτε]
965 3453 1093 3507 miratur
1107 3453 1225 3508 Davum
1240 3467 1342 3507 amore
1353 3452 1476 3521 penitus
1489 3465 1552 3519 per·

328 3543 386 3598 nisi
413 3546 527 3599 certam
555 3544 685 3612 aliquam
713 3559 838 3600 causam
864 3545 912 3600 ha·
964 3545 1097 3614 eulsum,
1120 3546 1197 3600 hanc
1218 3545 1244 3599 si
1265 3546 1418 3613 depereat.

326 3637 445 3692 buissel
470 3639 562 3705 poeta
582 3652 634 3692 cur
655 3637 768 3692 diceret
788 3652 913 3693 servum
1005 3640 1042 3693 26
1065 3653 1108 3706 sq.
1142 3638 1194 3707 Qui
1222 3638 1267 3692 lic
1288 3639 1370 3708 apud
1390 3653 1442 3691 noe
1466 3668 1499 3675 -
1522 3637 1551 3690 id

328 3730 398 3785 elim
429 3730 526 3785 luisse
557 3730 687 3800 Tibium,
719 3730 793 3785 haec
820 3732 913 3786 verba
964 3731 1059 3786 estin
1078 3731 1143 3786 vieo
1161 3732 1269 3787 nostro
1288 3730 1551 3802 -ρνιραυτίιαοοί

327 3838 389 3880 non
414 3823 597 3892 addidissel3
622 3838 715 3878 eausa
737 3824 840 3878 autem
863 3823 914 3879 illa
963 3826 1086 3878 curum?
1115 3825 1169 3879 Est
1195 3825 1326 3880 nuncid
1348 3826 1427 3892 quod
1449 3823 1552 3878 Tibius

263 3932 265 3935 ·
328 3918 358 3971 in
386 3917 452 3986 ipso
480 3916 598 3972 fabulae
623 3917 804 3984 argumente
826 3931 911 3984 quae·
964 3919 1036 3972 anle
1061 3931 1132 3971 eum
1153 3918 1222 3973 fuit:
1246 3919 1351 3986 pastor
1372 3918 1550 3972 cunctarum

328 4011 430 4065 renda.
459 4011 516 4065 Sed
547 4009 716 4065 cuiusmodi
746 4008 837 4064 luerit
864 4024 912 4064 ne·
964 4011 1112 4078 pecudum
1135 4011 1320 4065 vicanorum.

329 4104 451 4159 seimua
1005 4103 1051 4157 30.
1075 4105 1209 4170 ἀπέσκλη]
1232 4101 1392 4174 contabuit,
1411 4100 1490 4154 fame
1509 4099 1552 4153 ni-

369 4197 416 4250 24.
445 4197 594 4261 Πλαγγών]
623 4194 743 4263 puellae
761 4194 912 4263 ingenuae
963 4194 1075 4250 mirum
1087 4194 1398 4263 peremtus.Verbum
1410 4188 1552 4255 rarum2).

329 4303 439 4342 nomen
459 4288 515 4343 hoe
530 4289 606 4343 redit
622 4287 653 4342 in
668 4288 770 4344 Samia
786 4290 817 4343 ei
833 4290 911 4357 apud
1004 4289 1051 4343 31.
1070 4291 1166 4354 τυχὸν]
1186 4287 1376 4355 participium
1395 4285 1450 4340 hen
1468 4286 1550 4340 abso·

329 4378 532 4446 Anaxilam1).
963 4382 1076 4450 lutum,
1100 4395 1229 4448 quocum
1251 4382 1354 4447 παρόν,
1374 4379 1496 4445 συμβάν,
1517 4377 1553 4431 si·

372 4475 419 4526 25.
452 4479 501 4525 νῦν
534 4476 675 4540 μανθάνω]
708 4474 800 4542 probe
828 4474 912 4529 nevit
965 4474 1046 4529 milia
1071 4475 1202 4542 possunt
1221 4472 1361 4541 conferri,
1376 4471 1405 4524 in
1423 4470 1551 4525 dictione

337 4620 552 4632 ....-—.—.

363 4696 384 4759 ¹)
402 4699 502 4746 Anaxil.
519 4699 550 4745 fr.
569 4694 621 4754 22⁸,
638 4697 684 4744 ubi
700 4699 844 4746 meretricis
861 4705 902 4748 est
919 4712 1023 4748 nomen.
1043 4724 1076 4732 -
1092 4695 1113 4761 2)
1132 4698 1170 4745 of.
1188 4698 1230 4744 Ar.
1249 4697 1326 4759 Vesp.
1347 4697 1403 4745 160.
