3750 5492
797 636 799 640 ·
823 637 1072 685 nrsoneraurns.
1518 627 1557 686 13

381 813 468 873 Rure
485 807 522 888 ¹),
548 812 605 873 sed
629 812 717 872 haud
741 811 919 887 proculab
943 811 1023 871 urbe
1038 805 1074 887 ²),
1099 814 1176 872 ante
1201 812 1300 872 aedes
1320 811 1458 873 villasve
1477 812 1557 873 Cha·

333 927 403 987 risii
426 928 461 986 et
485 925 658 986 Smicrinis
681 927 855 1000 contiguas
879 926 913 985 in
936 926 1007 985 vita
1030 924 1159 999 publica
1179 941 1232 986 res
1255 927 1309 1000 agi
1332 925 1513 1000 finguntur.
1538 1011 1543 1030 ,

377 1350 523 1410 Fabulae
542 1352 778 1424 argumentum
802 1350 864 1410 hoc
888 1352 957 1410 est:

378 1464 550 1526 Charisius
579 1467 713 1540 quidam
744 1481 882 1526 uxorem
914 1466 1011 1525 duxit
1041 1465 1263 1540 Pamphilam.
1299 1465 1388 1540 Quae
1417 1469 1558 1540 quatuor

254 1657 256 1662 .
333 1579 505 1641 mensibus
528 1582 604 1654 post
627 1580 762 1655 nuptias
785 1580 870 1639 clam
896 1579 1024 1655 peperit
1046 1594 1201 1656 puerum,
1226 1579 1290 1639 iter
1313 1581 1393 1640 tunc
1415 1581 1556 1642 iaciente

332 1693 453 1753 marito
469 1686 501 1764 ³).
537 1694 664 1768 Nempe
700 1709 787 1753 anno
822 1693 976 1767 proximo
1013 1692 1232 1769 Tauropoliis,
1265 1709 1340 1754 cum
1370 1695 1464 1769 virgo
1494 1696 1556 1756 sol·

330 1804 442 1867 lemne
472 1809 673 1867 nocturnum
705 1807 876 1867 celebrans
899 1822 919 1866 a
949 1808 1068 1868 ceteris
1091 1807 1212 1883 puellis
1234 1808 1443 1882 aliquantum
1466 1810 1555 1870 aher·

332 1923 454 1996 rasset‚
478 1935 498 1979 a
520 1920 640 1980 iuvene
662 1919 771 1995 aliquo
795 1920 981 1981 temulento
1005 1922 1038 1980 vi
1062 1936 1253 1996 compressa
1277 1925 1330 1983 est
1345 1919 1380 1993 ⁴).
1401 1924 1479 1985 Erat
1501 1925 1556 1986 ille

331 2034 463 2094 iuvenis
498 2032 682 2110 Charisius,
717 2035 775 2095 sed
810 2035 843 2095 in
874 2034 1020 2095 tenebris
1051 2050 1158 2108 neque
1187 2036 1286 2096 huius
1316 2052 1422 2111 neque
1452 2038 1557 2113 ipsius

332 2149 470 2222 virginis
501 2148 614 2208 vultus
644 2149 753 2223 potuit
784 2149 942 2223 conspici.
974 2149 1141 2210 Infantem
1175 2165 1292 2211 recens
1322 2154 1438 2211 natum
1465 2153 1555 2211 Pam·

331 2263 420 2338 phila
449 2279 509 2339 ope
540 2264 681 2324 nutricis
712 2244 902 2338 sophronas
933 2263 967 2324 in
991 2279 1129 2325 nemore
1153 2266 1386 2340 exponendum
1412 2267 1554 2340 curavit,

331 2378 453 2438 additis
487 2379 696 2438 ornamentis
731 2377 945 2451 quibusdem,
983 2392 1068 2451 quae
1098 2378 1171 2453 ipsa
1201 2381 1295 2453 virgo
1326 2382 1491 2456 gesserat,
1522 2382 1556 2440 et

329 2492 443 2568 anulo,
465 2507 563 2566 quem
583 2493 696 2566 ignoto
716 2493 765 2552 illi
784 2492 913 2566 iuveni,
934 2493 1013 2552 dum
1034 2507 1108 2552 cum
1130 2508 1167 2554 eo
1184 2493 1342 2570 luctatur,
1356 2495 1555 2555 detraxerat.

374 2609 508 2669 Invenit
537 2608 713 2683 puerulum
745 2611 860 2682 pastor
889 2607 1016 2684 Davus,
1050 2623 1130 2668 mox
1155 2609 1289 2682 Syrisce
1313 2610 1421 2670 amico
1444 2607 1551 2669 carbo·

291 2769 293 2772 ,
330 2723 423 2782 nario
454 2723 546 2783 dedit
576 2723 716 2798 petenti,
749 2722 803 2796 qui
827 2738 884 2797 pro
909 2738 969 2782 suo
993 2721 1060 2783 filio
1084 2738 1159 2782 eum
1185 2724 1354 2797 educaret;
1379 2723 1437 2783 sed
1461 2737 1553 2783 orna·

330 2838 444 2896 menta
466 2837 615 2898 servavit
637 2837 719 2912 ipse.

373 2952 571 3026 Speraverat
593 2951 770 3026 PamphiIa
788 2952 859 3011 fore
880 2954 916 3011 ut
936 2951 1095 3027 dedecus,
1116 2966 1179 3024 quo
1198 2952 1271 3011 sine
1290 2949 1359 3011 ulla
1376 2966 1438 3011 sua
1457 2951 1553 3026 culpa

327 3065 436 3125 iuerat
459 3066 593 3141 affecta,
620 3068 653 3125 et
675 3067 802 3125 ceteros
824 3064 946 3125 lateret
965 3064 1126 3125 mortales
1146 3067 1179 3124 et
1199 3066 1367 3125 maritum.
1389 3065 1451 3124 Sed
1472 3065 1551 3125 One·

328 3180 434 3239 simus
464 3195 583 3240 servus
607 3194 682 3239 cum
707 3180 846 3239 enixam
869 3180 1046 3255 sensisset,
1072 3178 1112 3238 ad
1137 3177 1325 3238 charisium
1350 3180 1465 3253 paucis
1489 3179 1552 3239 dte·

326 3293 387 3352 bus
418 3296 495 3353 ante
526 3295 660 3353 inItium
685 3293 817 3354 fabulae
844 3293 1027 3354 abitinere
1052 3293 1206 3353 reducem
1232 3308 1303 3352 rem
1328 3293 1457 3354 detulit
1490 3293 1551 3369 Qui

327 3409 553 3482 indignatione
584 3411 729 3483 percitus
761 3425 898 3470 uxorem
932 3410 1092 3470 hactenus
1122 3407 1186 3467 sihi
1217 3407 1471 3466 dilectissimam
1501 3411 1551 3469 est

327 3525 513 3582 aversatus.
533 3521 641 3596 Dapes
661 3524 837 3599 instruxit,
858 3527 897 3584 ut
916 3538 993 3583 cum
1013 3523 1129 3582 amicis
1148 3521 1244 3595 genio
1265 3519 1440 3592 indulgens
1460 3522 1551 3580 saevi

326 3636 450 3696 doloris
481 3635 747 3709 obliviSceretur3
773 3638 932 3697 condunt
955 3636 1130 3710 psaltriam
1155 3633 1384 3708 Habrotonon,
1409 3648 1551 3706 quacum

327 3753 464 3812 viveret.
497 3751 559 3810 Sed
589 3750 715 3810 frustra
745 3752 885 3810 conatus
917 3749 968 3808 est
997 3763 1014 3808 e
1043 3747 1137 3807 corde
1166 3761 1227 3806 suo
1255 3745 1376 3821 pellere
1400 3762 1548 3807 amorem

325 3865 533 3947 Pamphilae:
558 3864 773 3925 Habrotonon
796 3862 903 3923 sensit
925 3878 961 3922 se
986 3862 1016 3921 ei
1039 3861 1295 3934 haudquaquam
1318 3863 1447 3935 gratam
1465 3877 1548 3922 esse.

359 4060 376 4120 ¹)
396 4062 435 4110 dr.
452 4075 487 4108 vs.
506 4063 537 4108 26
555 4065 632 4124 χωρία
651 4066 725 4106 ταῦτα
741 4058 816 4105 villae
835 4062 935 4114 nestrae,
954 4059 1001 4104 361
1022 4061 1069 4117 ἥκει
1088 4056 1110 4111 ἐξ
1128 4058 1221 4112 ἄστεως,
1239 4059 1272 4105 al.

358 4138 378 4199 ²)
398 4141 503 4202 Ooquus
529 4141 598 4188 enim
624 4140 729 4200 qnidam
756 4152 769 4185 e
790 4140 846 4186 foro
872 4139 974 4185 urbano
996 4138 1126 4184 adductus
1149 4142 1190 4184 est
1210 4138 1276 4194 heri,
1298 4137 1375 4184 hodie
1398 4139 1465 4184 alius
1487 4139 1547 4184 inde

324 4221 463 4268 adducitur
480 4234 588 4280 coquus,
606 4224 632 4267 et
652 4219 770 4278 Syriscus
788 4217 978 4280 aliquantisper
992 4218 1018 4264 in
1032 4218 1124 4264 urbem
1140 4217 1195 4263 abit
1208 4231 1246 4262 vs.
1264 4218 1322 4273 245,
1337 4230 1396 4262 mox
1409 4217 1548 4266 rediturus.

357 4296 378 4358 ³)
396 4300 452 4347 Non
475 4302 571 4348 dIcitnr
593 4300 642 4346 hoc
668 4300 694 4344 in
717 4299 870 4357 fragmentis
888 4299 993 4354 nostris,
1011 4297 1056 4344 sed
1075 4299 1101 4343 et
1118 4311 1132 4343 e
1150 4310 1236 4343 rerum
1255 4297 1367 4343 decursu
1385 4297 1499 4342 efficitur
1514 4323 1547 4331 -

325 4392 384 4425 nam
411 4385 514 4438 partum
541 4381 627 4428 celare
655 4377 701 4438 qui
723 4377 853 4438 potuisset
875 4376 998 4425 maritum
1023 4376 1169 4436 Pamphila,
1190 4377 1211 4422 si
1233 4377 1278 4423 ille
1302 4376 1443 4422 adfuisseti
1465 4402 1498 4409 —
1521 4380 1548 4423 et

325 4458 419 4504 collata
437 4458 551 4505 Terentii
568 4462 669 4518 Hecyra
687 4459 785 4516 fabula,
802 4457 828 4505 in
846 4472 898 4518 qna
915 4458 1032 4505 Imbrum
1049 4455 1100 4503 iter
1119 4457 1182 4503 iacit
1198 4457 1243 4502 vit.

357 4534 378 4599 ⁴)
396 4539 437 4584 Sic
457 4539 528 4596 apud
544 4540 666 4585 Plautum
684 4540 830 4598 Lyconides
845 4542 885 4585 eat
898 4539 1008 4594 iuvenis,
1024 4538 1069 4595 qui
1083 4536 1236 4583 Phaedriam
1250 4535 1378 4592 virginem
1394 4536 1548 4594 compressit

324 4620 395 4664 noctu
414 4615 506 4664 Cerera'a
522 4617 617 4679 cipilir'r
633 4619 728 4674 (Aulul-
746 4619 845 4677 prolog.
862 4622 889 4664 et
905 4620 931 4664 in
947 4618 997 4663 fine
1013 4620 1087 4663 actus
1101 4614 1154 4676 IV).
1170 4642 1201 4650 -
1216 4616 1326 4662 Nostrae
1340 4617 1426 4661 antem
1441 4615 1546 4660 fabulae

323 4700 507 4757 argumentum
525 4711 556 4745 ex
573 4698 706 4758 Euripidis
723 4700 795 4756 Auge
812 4699 930 4745 dramate
944 4697 1019 4743 duxit
1036 4697 1176 4745 Menander
1194 4691 1238 4760 (cf.
1254 4707 1292 4743 vs.
1311 4691 1379 4758 525).
