3750 5492
783 627 1021 673 cracuurousn.
1470 615 1512 675 75

333 801 448 861 Simile
479 802 577 874 atque
606 803 641 861 in
670 800 779 862 Heroe
806 803 838 863 et
861 801 895 861 in
919 776 1188 876 Disceptantibus
1211 816 1264 863 res
1288 816 1372 876 quae
1395 800 1428 860 in
1453 801 1515 860 hac

287 915 400 977 fabula
430 915 617 976 referuntur
645 915 800 976 videntur
830 915 987 976 habuisse
1016 916 1160 977 initium.
1184 915 1334 991 Expositi
1358 918 1447 976 certe
1472 948 1512 958 -

288 1044 529 1106 quamcumque
562 1029 602 1090 ob
636 1045 773 1091 causam
809 1063 849 1073 -
881 1030 1026 1090 Moschio
1056 1031 1090 1091 et
1121 1029 1259 1105 Glycera
1289 1030 1420 1091 Pataeci
1452 1030 1515 1090 viri

288 1144 400 1205 divitis
418 1144 513 1205 liberi
533 1144 667 1219 gemelli
683 1159 702 1204 e
720 1144 916 1205 muliercula
934 1145 1078 1218 quadam
1094 1159 1236 1219 paupere
1248 1147 1327 1205 sunt
1338 1145 1459 1205 sublati
1473 1140 1513 1222 ¹);

288 1273 372 1332 quae
396 1273 537 1333 puerum
560 1258 649 1319 dedit
672 1259 861 1333 Myrrhinae
884 1261 1059 1319 matronae
1083 1258 1212 1319 vicinae
1235 1261 1268 1320 et
1291 1259 1387 1319 diviti
1408 1258 1514 1322 fllium

288 1373 504 1449 desideranti,
528 1373 674 1449 puellam
698 1389 777 1435 vero
801 1376 838 1434 ut
861 1388 956 1434 suam
981 1372 1084 1433 filiam
1108 1373 1262 1434 educavit
1284 1374 1357 1449 ipsa
1376 1377 1410 1435 et
1427 1375 1515 1436 adul·

287 1492 357 1550 tem
389 1489 560 1550 Polemoni
582 1488 683 1549 militi
706 1486 876 1549 corinthio
900 1487 990 1549 dedit
1014 1487 1243 1548 concubinam.
1267 1488 1354 1564 Mox,
1380 1503 1453 1549 cum
1481 1491 1516 1549 in

288 1620 326 1666 eo
356 1604 445 1665 esset
476 1606 513 1664 ut
544 1605 740 1679 moreretur,
772 1602 901 1677 puellae
932 1601 1018 1662 dixit
1046 1616 1111 1662 non
1143 1614 1268 1663 verem‘
1288 1617 1324 1663 se
1348 1617 1421 1664 esse
1444 1603 1516 1664 eius

288 1719 444 1794 matrem,
476 1717 613 1778 fratrem
644 1719 759 1777 autem
791 1731 865 1777 esse
897 1715 1120 1776 Moschionem
1143 1715 1301 1777 iuvenem
1324 1717 1357 1777 in
1381 1717 1516 1778 aedibus

288 1831 451 1909 proximis
473 1832 662 1904 viventem;
687 1832 721 1890 et
744 1829 834 1890 dedit
852 1829 1010 1904 Glycerae
1029 1832 1248 1890 monumenta
1267 1830 1443 1906 quaedam,
1463 1819 1500 1892 ut

287 1947 317 2007 si
339 1947 408 2007 fors
431 1945 548 2021 ferret,
571 1944 803 2026 aparentibus
825 1945 941 2019 posset
964 1943 1108 2018 agnosci.

330 2060 429 2121 Brevi
451 2061 526 2136 post
549 2058 694 2120 Moschio
718 2059 849 2120 iuvenis
872 2059 962 2119 laute
985 2060 1019 2118 et
1041 2057 1177 2118 liberius
1200 2057 1318 2119 vivens
1341 2058 1514 2134 Glyceram

286 2174 430 2250 puellam
462 2176 654 2249 venustam,
687 2188 787 2247 quem
819 2172 989 2233 admirans
1019 2186 1117 2247 saepe
1140 2172 1251 2233 fuerat
1272 2172 1427 2250 intuitus,
1451 2173 1514 2234 sub

289 2302 462 2364 vesperam
504 2287 635 2347 invenit
675 2288 752 2347 ante
793 2286 982 2347 Polemonis
1017 2287 1116 2348 aedes
1150 2288 1313 2363 stantem,
1350 2290 1385 2349 et
1419 2287 1514 2363 genio

287 2401 463 2477 indulgens
482 2400 657 2475 amplexus
676 2403 738 2460 est.
759 2401 820 2460 illa
839 2416 904 2461 non
924 2401 1089 2477 refugere,
1110 2402 1248 2461 fratrem
1268 2401 1421 2462 videlicet
1441 2417 1515 2463 esse

287 2516 414 2588 sciens3
456 2530 604 2575 sororem
639 2514 712 2575 eius
747 2529 783 2575 se
817 2529 893 2575 esse
927 2514 1035 2575 dicere
1071 2516 1100 2575 ei
1134 2515 1281 2575 nondum
1317 2516 1424 2590 potnit
1457 2518 1515 2575 aut

288 2630 406 2691 uoluit.
438 2629 639 2704 Supervenit
667 2628 825 2689 Polemon
850 2627 890 2688 ab
912 2629 1124 2704 ‘expeditione
1148 2629 1258 2702 aliqua
1279 2629 1384 2690 redux
1398 2623 1436 2703 2);
1461 2630 1516 2703 qui

280 2744 396 2805 -furore
415 2743 585 2819 incensum
604 2757 679 2802 cum
700 2743 733 2802 in
754 2741 884 2803 iuvenis
896 2742 1053 2818 amplexu
1065 2743 1259 2803 haerentem
1274 2757 1346 2803 eam
1361 2743 1513 2818 vidisset,

286 2876 365 2923 ense
389 2861 461 2921 eius
485 2861 592 2920 crines
615 2859 742 2920 recidit.

330 2975 468 3050 Glycera
494 2975 624 3033 tantam
648 2973 885 3034 contumeliam
908 2972 1093 3048 indignata,
1119 2973 1238 3046 quippe
1261 2972 1360 3059 plane
1383 2972 1513 3048 insons,

286 3105 328 3150 ex
348 3088 485 3149 aedibus
504 3087 693 3149 Polemonis
712 3087 839 3161 aufugit
855 3101 930 3146 oum
944 3085 1063 3147 Doride
1076 3085 1210 3163 ancilla,
1224 3102 1303 3146 mox
1316 3101 1336 3145 a
1348 3085 1516 3160 Myrrhina

285 3203 485 3264 Moschionis
519 3203 626 3262 matre
660 3200 816 3276 adoptiva
851 3200 989 3261 comiter
1024 3202 1074 3262 est
1107 3203 1251 3275 recepta.
1285 3199 1408 3261 Verum
1438 3199 1515 3260 huic

286 3319 412 3378 dixisse
435 3331 510 3377 eam
534 3317 725 3375 statuamus
748 3330 883 3375 necesse
908 3317 970 3375 est.

328 3432 465 3493 Interim
501 3431 713 3491 Polemonem
749 3430 935 3491 iracundiae
960 3430 1175 3491 vehementer
1197 3430 1369 3504 poenituit.
1393 3429 1515 3490 Audito

286 3548 398 3606 autem
421 3546 456 3605 in
479 3545 666 3619 Myrrhinae
690 3546 758 3605 iam
782 3544 918 3604 aedibus
940 3559 1015 3604 eam
1040 3544 1171 3620 degere,
1197 3544 1230 3603 vi
1250 3557 1307 3603 eas
1326 3558 1515 3618 expugnare

285 3660 405 3736 voluit,
424 3662 463 3721 ut
481 3659 618 3720 moecho
639 3659 797 3719 nimirum
817 3658 964 3733 puellam
985 3659 1144 3732 eriperet;
1166 3658 1223 3718 sed
1243 3673 1321 3718 mox
1340 3672 1359 3716 a
1375 3658 1514 3718 Pataeco

285 3775 391 3835 amico
414 3775 456 3835 ad
478 3774 611 3834 saniora
635 3773 774 3834 consilia
797 3776 974 3834 revocatus
998 3776 1059 3834 est.
1084 3773 1220 3834 Petente
1243 3774 1318 3835 dein
1338 3773 1515 3834 Polemone

284 3889 447 3950 Pataecus
478 3888 560 3949 adiit
591 3888 782 3963 Glyceram,
813 3889 849 3946 ut
881 3893 955 3947 eam
987 3889 1156 3961 exoraret;
1188 3888 1245 3960 qui
1274 3888 1353 3947 dum
1377 3902 1452 3948 cum
1477 3903 1516 3948 ea

285 4003 490 4081 colloquitur,
515 4002 677 4076 suspicari
701 4002 808 4076 coepit
826 4016 899 4062 eam
921 4015 994 4061 esse
1015 3999 1119 4060 filiam
1139 4015 1250 4077 suam,
1271 4003 1305 4060 et
1324 4016 1417 4077 mox,
1439 4015 1515 4060 cum
1584 4057 1587 4063 .

319 4224 339 4286 ¹)
358 4224 483 4288 Captivam
501 4225 608 4288 proellum
627 4225 697 4284 qnod
708 4212 853 4283 ¹Glyceram
873 4226 949 4270 vocat
966 4220 1143 4269 Philostratus
1161 4224 1237 4282 epist.
1257 4224 1287 4269 26
1305 4227 1332 4269 et
1350 4223 1389 4278 64,
1407 4225 1516 4281 apparet

284 4319 344 4353 eum
368 4306 483 4352 fabulam
508 4319 559 4352 non
579 4304 676 4363 legisse
700 4305 796 4363 ipsum,
821 4303 867 4349 sed
891 4303 923 4348 de
937 4301 1024 4349 milite
1043 4306 1069 4349 et
1086 4303 1118 4349 de
1136 4303 1247 4349 sedibus
1264 4302 1421 4361 oppugnatis
1442 4304 1468 4347 et
1484 4300 1516 4347 de

283 4383 372 4446 puella
394 4387 504 4433 detonsa
523 4398 582 4431 cnm
601 4382 701 4442 aliquid
719 4381 901 4443 inaudivisset,
916 4396 1056 4442 perperam
1073 4382 1124 4428 sibi
1141 4382 1246 4428 finxisse
1264 4395 1328 4428 rem.
1343 4378 1386 4426 Sui
1400 4378 1461 4426 iuris
1475 4383 1517 4426 est

284 4465 396 4525 Glycera
413 4466 459 4524 (vs.
480 4465 547 4521 234).

319 4539 396 4603 ²)Ol.
419 4557 457 4591 ve.
481 4545 530 4591 286
549 4556 589 4601 sq.
612 4546 639 4589 et
660 4542 768 4590 Luciani
792 4542 875 4588 multa
900 4555 914 4589 e
937 4544 1026 4587 nostra
1049 4540 1139 4587 fabula
1162 4539 1283 4587 ducentis
1304 4538 1330 4585 in
1347 4539 1515 4586 meretricum

285 4623 414 4682 colloquio
443 4623 536 4670 verba:
563 4625 575 4669 d
602 4623 719 4680 Πολέμων
742 4622 790 4669 ἀπὸ
817 4630 857 4682 τῆς
888 4621 1012 4686 στρατείας
1037 4621 1168 4686 ἀνέστρεψα
1193 4624 1300 4670 πλουτῶν
1326 4623 1371 4668 ari.
1398 4619 1517 4681 (Lucian.

284 4703 391 4763 (LXVII
408 4704 423 4750 9
442 4703 519 4762 init).
