3750 5492
329 669 369 728 16
814 679 1063 724 nrscnrrnnrns.

327 856 510 929 dignusque
541 852 596 926 qui
628 850 774 912 carnifici
804 853 958 912 tradatur
989 866 1089 924 quam
1120 852 1252 912 iuvenis
1282 852 1459 928 ingenuus,
1497 852 1556 925 qul

324 971 422 1029 nocte
453 971 486 1029 et
517 967 593 1028 vino
617 965 779 1041 pellectus
803 966 943 1026 humani
967 966 1045 1039 quid
1069 966 1102 1025 in
1127 980 1164 1026 ss
1187 966 1370 1027 admiserit.
1407 966 1556 1042 Quocum

325 1084 488 1158 quomodo
512 1084 545 1144 in
570 1082 712 1157 gratiam
732 1081 839 1141 redire
859 1081 969 1155 potuit
986 1079 1197 1157 Philumena,
1219 1082 1394 1155 postquam
1415 1079 1555 1140 anulum

325 1175 481 1259 suumin
505 1197 607 1271 digito
631 1195 817 1257 meretricis
842 1195 1018 1254 inventum
1044 1208 1118 1254 esse
1142 1194 1293 1254 audivit?

842 1382 1028 1389 ———-

369 1527 407 1586 In
431 1524 552 1586 codicis
575 1524 773 1597 fragmentis
796 1538 903 1597 neque
926 1522 1057 1583 fabulae
1081 1537 1202 1583 nornen
1226 1524 1378 1598 superest
1402 1517 1423 1592 ¹)
1447 1537 1554 1596 neque

326 1641 501 1701 metricum
520 1638 753 1712 argumentum
775 1652 882 1710 neque
899 1637 999 1697 index
1010 1651 1242 1712 personarum,
1264 1635 1555 1710 etipsiusfahulae

326 1753 494 1830 perierunt
512 1753 607 1812 actus
625 1751 754 1826 primus
772 1751 973 1824 secundique
992 1750 1136 1811 initium.
1154 1750 1216 1811 Sed
1236 1751 1354 1810 ultima
1366 1765 1443 1826 pars
1455 1750 1556 1810 huius

263 1922 265 1926 .
324 1868 463 1929 lacunae
481 1867 591 1942 potest
609 1865 761 1926 resarciri
778 1881 839 1940 ope
858 1866 1039 1940 fragmenti
1059 1866 1099 1926 ab
1120 1865 1319 1926 Iernstedtio
1331 1865 1410 1926 olim
1424 1864 1503 1924 editi
1519 1858 1553 1939 ἢ,

325 1985 359 2042 et
390 1997 506 2042 versus
540 1980 659 2056 perditi
694 1980 771 2053 quid
805 1980 875 2040 fere
910 1979 1138 2040 continuerint
1176 1978 1337 2054 probabili
1366 1979 1555 2039 coniectura

326 2097 457 2156 videtur
474 2110 570 2170 posse
590 2094 683 2154 effici.
704 2094 788 2153 Nam
809 2109 826 2154 e
846 2109 896 2154 vs.
919 2095 982 2154 166
1004 2096 1140 2168 apparet
1158 2093 1253 2153 initio
1273 2092 1403 2153 fabulae
1415 2092 1555 2153 alicuius

326 2211 422 2285 coqui
444 2210 649 2270 mentionem
674 2224 747 2268 esse
770 2209 912 2284 factam,
938 2210 972 2268 et
995 2192 1137 2281 coquum
1163 2207 1196 2266 in
1220 2207 1282 2267 hac
1300 2206 1412 2267 fabula
1432 2206 1555 2280 aliquid

324 2326 471 2386 iocatum
506 2339 580 2384 esse
614 2324 709 2384 docet
743 2325 937 2384 Athenaeus
969 2324 1078 2397 659o3
1111 2324 1297 2384 cuiusmodi
1331 2323 1413 2383 iocis
1448 2323 1555 2397 aptior

327 2453 490 2513 nusquam
520 2438 584 2498 fuit
613 2438 705 2497 locus
735 2453 835 2511 quam
865 2438 899 2498 in
931 2453 1033 2499 scena
1067 2437 1188 2498 initiali
1212 2433 1245 2507 ³).
1278 2437 1393 2510 Itaque
1423 2435 1553 2497 fabulae

324 2554 458 2614 initium
477 2553 596 2612 fecisse
615 2552 748 2613 videtur
768 2551 917 2612 Onesimi
936 2553 1027 2612 servi
1047 2567 1124 2612 curn
1144 2566 1247 2625 coquo
1266 2567 1307 2612 ex
1321 2551 1399 2611 urbe
1413 2550 1551 2610 adducto
1590 2581 1592 2585 ·

325 2667 536 2740 colloquium.
569 2665 650 2726 Dein
681 2667 776 2726 adest
806 2665 948 2727 Charisii
978 2681 1074 2727 socer
1104 2665 1298 2742 Smicrines,
1325 2666 1381 2740 qui
1408 2681 1450 2727 ex
1475 2663 1553 2725 urbe

326 2797 383 2842 rus
412 2781 504 2841 venit
527 2782 564 2840 ut
587 2795 663 2840 cum
687 2778 756 2840 filia
779 2781 1012 2855 expostularet
1026 2776 1062 2850 4).
1086 2781 1204 2841 Finem
1228 2781 1327 2856 primi
1355 2783 1451 2840 actus
1474 2778 1556 2839 facit

325 2895 423 2956 turha
444 2895 603 2954 iuvenum
627 2893 888 2954 temulentorum
912 2895 946 2954 in
969 2895 1177 2954 orchestram
1196 2895 1325 2954 irruens
1338 2888 1372 2965 ⁵).
1395 2893 1557 2954 Videntur

326 3010 361 3069 hi
385 3025 459 3070 esse
482 3008 623 3070 Charisii
646 3009 787 3069 sodales.

370 3123 500 3184 Ultima
534 3137 618 3196 quae
648 3123 798 3183 diximus
827 3122 984 3197 leguntur
1014 3122 1048 3182 in
1079 3122 1266 3196 fragmento
1297 3121 1553 3196 Iernstedtiano,

328 3237 422 3298 cuius
452 3236 558 3297 maior
580 3252 656 3312 pars
680 3237 833 3313 obscura,
859 3237 1016 3310 quoniam
1040 3236 1209 3296 nescimus
1232 3236 1287 3309 qui
1311 3210 1555 3308 colloquantur;

327 3351 526 3412 Smicrinem
548 3353 660 3412 tamen
686 3366 867 3425 agnoscere
890 3352 975 3411 mihi
999 3351 1121 3410 videor.

550 3577 644 3649 οὕτως
664 3576 785 3658 ἀγαθόν
807 3577 838 3636 τί
859 3593 908 3638 σοι
931 3575 1063 3658 γένοιτοΙ
1092 3611 1131 3622 -
1156 3580 1232 3636 ΣΜ.
1257 3574 1297 3654 μὴ
1322 3573 1388 3655 λέγε

552 3687 647 3768 μηδὲν
670 3692 708 3753 σύ
731 3686 774 3771 γἸ
801 3690 858 3751 οὐκ
882 3690 923 3763 εἷς
947 3690 1096 3770 κόρακας;
1121 3690 1241 3768 οἰμώξει
1265 3690 1379 3770 μακράῐ
1450 3697 1453 3701 ’

362 3874 381 3938 ¹)
400 3879 506 3925 certum
530 3881 615 3923 tamen
636 3881 676 3924 est
693 3877 799 3924 fabulae
817 3891 922 3935 nomen,
941 3866 1063 3938 quoniam
1081 3878 1150 3941 inter
1165 3889 1256 3924 versus
1274 3879 1390 3923 servatos
1409 3876 1557 3937 complures

326 3961 396 4014 sunt,
414 3970 480 4016 quos
497 3958 523 4003 in
538 3957 704 4019 Ἐπιτρὲπουσι
719 3958 800 4003 lectos
818 3959 899 4004 inisse
917 3960 1049 4004 testantur
1064 3961 1174 4004 veteres.

361 4033 383 4097 ²)
400 4038 428 4084 V.
459 4037 590 4082 Iernstedt
615 4037 721 4083 Observ.
748 4038 881 4096 palaeogr.
906 4039 933 4084 et
958 4037 1050 4096 philol.
1081 4037 1114 4082 ad
1140 4017 1288 4094 fragmenta
1316 4036 1475 4082 comicorum
1503 4036 1556 4081 Ait.

328 4113 447 4178 (Russice
465 4114 568 4175 script.)
588 4117 651 4162 1891
671 4130 696 4175 p.
717 4117 765 4162 204
783 4130 822 4174 sq.
1612 4110 1615 4116 ’

362 4193 381 4256 ³)
399 4197 429 4242 In
447 4196 495 4242 hac
514 4209 591 4241 scena
608 4196 730 4242 videntur
747 4196 816 4242 lecta
835 4209 892 4243 esse
910 4209 978 4254 quae
995 4194 1064 4240 infra
1081 4195 1222 4242 afferemus
1241 4196 1387 4253 fragmenta
1407 4197 1430 4251 1,
1449 4196 1472 4253 2,
1491 4195 1514 4239 3.

362 4272 453 4334 ⁴)qu
475 4276 502 4320 in
524 4275 614 4321 urbem
636 4288 697 4321 rnox
722 4276 812 4321 redeat
836 4289 886 4321 non
904 4276 989 4321 habeo
1008 4272 1103 4321 dicere.
1122 4275 1245 4321 Fortasse
1266 4274 1421 4321 sumendum
1441 4276 1482 4320 eet
1498 4285 1557 4320 eum

329 4359 355 4401 et
372 4356 398 4400 in
415 4355 479 4401 urbe
497 4355 575 4401 aedes
593 4354 691 4401 habere
709 4357 736 4401 et
752 4368 825 4411 rnre;
844 4355 917 4401 dives
935 4355 1004 4401 enim
1023 4358 1064 4401 est
1079 4355 1166 4400 homo.

361 4430 383 4494 ὕ)
401 4434 500 4481 chorus
523 4434 644 4493 quoniam
668 4437 728 4493 post
747 4448 852 4481 versum
876 4435 924 4481 201
950 4434 1025 4480 adest
1047 4446 1134 4492 neque
1158 4437 1188 4479 nt
1210 4434 1323 4492 primum
1347 4436 1410 4479 tunc
1434 4433 1557 4491 prodiens

327 4514 381 4559 illic
399 4517 625 4570 commemoratur,
643 4514 700 4559 fieri
718 4527 768 4559 non
786 4517 874 4572 potest
888 4514 952 4573 quin
968 4511 1096 4573 inpriore
1112 4513 1217 4559 fabulae
1232 4516 1307 4572 parte
1322 4526 1380 4559 enm
1395 4514 1556 4559 orchestram

326 4591 439 4639 intrasse
459 4597 616 4640 statuamus.
640 4592 762 4640 Secundus
783 4591 873 4651 igitur,
895 4607 947 4640 non
966 4592 1063 4653 primur
1085 4597 1160 4638 uetus
1177 4606 1215 4639 vs.
1233 4594 1279 4640 201
1304 4593 1382 4639 finem
1404 4593 1493 4639 habet.
1511 4593 1558 4638 Est

328 4676 416 4719 antem
439 4677 513 4719 actus
535 4673 665 4719 secundus
689 4687 719 4718 ea
741 4687 802 4732 pare
825 4673 939 4727 tabulae,
963 4686 1030 4731 quae
1055 4673 1081 4718 in
1105 4685 1184 4719 scena
1203 4673 1391 4732 Aristophanes
1407 4675 1486 4730 ἀγῶνα
1503 4673 1558 4718 sive

327 4751 501 4799 contentionem
520 4756 546 4799 et
561 4751 683 4799 verborum
700 4755 819 4800 cer-tamen
836 4767 930 4801 nomen
948 4753 1037 4814 habet,
1055 4752 1128 4799 chori
1146 4752 1272 4813 paredum
1291 4753 1432 4812 excipiens.
